<?xml version="1.0" encoding="UTF-8"?>
<!DOCTYPE html PUBLIC "-//W3C//DTD XHTML 1.0 Transitional//EN"
    "http://www.w3.org/TR/xhtml1/DTD/xhtml1-transitional.dtd">
<html xmlns="http://www.w3.org/1999/xhtml" xml:lang="en" lang="en">
 <head>
  <title>
</title>
<meta http-equiv="Content-Type" content="text/html;charset=utf-8" />
  <meta name='ocr-system' content='tesseract 3.04.00' />
  <meta name='ocr-capabilities' content='ocr_page ocr_carea ocr_par ocr_line ocrx_word'/>
</head>
<body>
  <div class='ocr_page' id='page_1' title='image "./observationescr00lentgoog_0037.png"; bbox 0 0 2948 5114; ppageno 0'>
   <div class='ocr_carea' id='block_1_1' title="bbox 204 345 971 420">
    <p class='ocr_par' dir='ltr' id='par_1_1' title="bbox 204 345 971 420">
     <span class='ocr_line' id='line_1_1' title="bbox 204 345 971 420; baseline -0.007 -3"><span class='ocrx_word' id='word_1_1' title='bbox 204 345 253 420; x_wconf 76' lang='grc'><strong>21</strong></span> <span class='ocrx_word' id='word_1_2' title='bbox 571 361 971 418; x_wconf 75' lang='lat' dir='ltr'><strong>onssnvnrronas</strong></span> 
     </span>
    </p>
   </div>
   <div class='ocr_carea' id='block_1_2' title="bbox 206 549 1355 654">
    <p class='ocr_par' dir='ltr' id='par_1_2' title="bbox 206 549 1355 654">
     <span class='ocr_line' id='line_1_2' title="bbox 206 549 1355 654; baseline 0 -26"><span class='ocrx_word' id='word_1_3' title='bbox 206 552 330 628; x_wconf 90' lang='lat' dir='ltr'><strong>midius</strong></span> <span class='ocrx_word' id='word_1_4' title='bbox 353 553 524 650; x_wconf 87' lang='lat' dir='ltr'><strong>senarius,</strong></span> <span class='ocrx_word' id='word_1_5' title='bbox 551 552 699 650; x_wconf 72' lang='grc' dir='ltr'><strong><em>δήξομαι</em></strong></span> <span class='ocrx_word' id='word_1_6' title='bbox 736 557 791 654; x_wconf 66' lang='grc' dir='ltr'><strong>ἄρ’</strong></span> <span class='ocrx_word' id='word_1_7' title='bbox 823 555 857 628; x_wconf 92' lang='lat' dir='ltr'><strong>in</strong></span> <span class='ocrx_word' id='word_1_8' title='bbox 892 553 973 630; x_wconf 78' lang='lat' dir='ltr'><strong>ach.</strong></span> <span class='ocrx_word' id='word_1_9' title='bbox 998 549 1071 629; x_wconf 83' lang='grc'><strong>300</strong></span> <span class='ocrx_word' id='word_1_10' title='bbox 1103 553 1245 628; x_wconf 87' lang='lat' dir='ltr'><strong>creticus</strong></span> <span class='ocrx_word' id='word_1_11' title='bbox 1270 576 1355 654; x_wconf 88' lang='lat' dir='ltr'><strong>pes,</strong></span> 
     </span>
    </p>
   </div>
   <div class='ocr_carea' id='block_1_3' title="bbox 206 664 1466 768">
    <p class='ocr_par' dir='ltr' id='par_1_3' title="bbox 206 664 1466 768">
     <span class='ocr_line' id='line_1_3' title="bbox 206 664 1466 768; baseline -0.001 -25"><span class='ocrx_word' id='word_1_12' title='bbox 206 669 392 768; x_wconf 80' lang='grc' dir='ltr'><strong><em>βοάσομοοο</em></strong></span> <span class='ocrx_word' id='word_1_13' title='bbox 430 669 499 766; x_wconf 64' lang='lat' dir='ltr'><strong>apa</strong></span> <span class='ocrx_word' id='word_1_14' title='bbox 535 665 818 768; x_wconf 80' lang='lat' dir='ltr'><strong>penthemimeres</strong></span> <span class='ocrx_word' id='word_1_15' title='bbox 852 665 1036 740; x_wconf 85' lang='lat' dir='ltr'><strong>iambicum</strong></span> <span class='ocrx_word' id='word_1_16' title='bbox 1061 664 1097 738; x_wconf 92' lang='lat' dir='ltr'><strong>in</strong></span> <span class='ocrx_word' id='word_1_17' title='bbox 1119 667 1207 742; x_wconf 92' lang='lat' dir='ltr'><strong>Nub.</strong></span> <span class='ocrx_word' id='word_1_18' title='bbox 1237 668 1356 758; x_wconf 86' lang='lat'><strong>1138,</strong></span> <span class='ocrx_word' id='word_1_19' title='bbox 1464 730 1466 763; x_wconf 43' lang='grc' dir='ltr'><strong><em>ρ</em></strong></span> 
     </span>
    </p>
   </div>
   <div class='ocr_carea' id='block_1_4' title="bbox 206 779 1470 1455">
    <p class='ocr_par' dir='ltr' id='par_1_4' title="bbox 206 779 1470 1455">
     <span class='ocr_line' id='line_1_4' title="bbox 206 779 1355 882; baseline -0.001 -23"><span class='ocrx_word' id='word_1_20' title='bbox 206 779 388 882; x_wconf 67' lang='lat' dir='ltr'><strong>polaenae</strong></span> <span class='ocrx_word' id='word_1_21' title='bbox 414 779 534 880; x_wconf 78' lang='grc' dir='ltr'><strong><em>ύγοοθδ</em></strong></span> <span class='ocrx_word' id='word_1_22' title='bbox 559 783 595 854; x_wconf 92' lang='lat' dir='ltr'><strong>in</strong></span> <span class='ocrx_word' id='word_1_23' title='bbox 620 781 709 858; x_wconf 90' lang='lat' dir='ltr'><strong>Plut.</strong></span> <span class='ocrx_word' id='word_1_24' title='bbox 739 783 821 857; x_wconf 89' lang='grc'><strong>113.</strong></span> <span class='ocrx_word' id='word_1_25' title='bbox 864 783 917 855; x_wconf 91' lang='lat' dir='ltr'><strong>lta</strong></span> <span class='ocrx_word' id='word_1_26' title='bbox 949 793 983 852; x_wconf 89' lang='lat' dir='ltr'><strong>et</strong></span> <span class='ocrx_word' id='word_1_27' title='bbox 1014 781 1181 852; x_wconf 90' lang='lat' dir='ltr'><strong>Porsonus</strong></span> <span class='ocrx_word' id='word_1_28' title='bbox 1213 781 1355 858; x_wconf 89' lang='lat' dir='ltr'><strong>censuit.</strong></span> 
     </span>
     <span class='ocr_line' id='line_1_5' title="bbox 208 891 1356 994; baseline -0.003 -24"><span class='ocrx_word' id='word_1_29' title='bbox 208 893 306 970; x_wconf 87' lang='lat' dir='ltr'><strong>Idem</strong></span> <span class='ocrx_word' id='word_1_30' title='bbox 336 891 437 967; x_wconf 86' lang='lat' dir='ltr'><strong>credo</strong></span> <span class='ocrx_word' id='word_1_31' title='bbox 459 895 605 984; x_wconf 83' lang='lat' dir='ltr'><strong>lactum,</strong></span> <span class='ocrx_word' id='word_1_32' title='bbox 638 894 696 967; x_wconf 90' lang='lat' dir='ltr'><strong>nbi</strong></span> <span class='ocrx_word' id='word_1_33' title='bbox 719 922 744 969; x_wconf 89' lang='grc' dir='ltr'><strong>ον</strong></span> <span class='ocrx_word' id='word_1_34' title='bbox 768 905 819 967; x_wconf 86' lang='lat' dir='ltr'><strong>est</strong></span> <span class='ocrx_word' id='word_1_35' title='bbox 843 894 1005 994; x_wconf 78' lang='lat' dir='ltr'><strong>positione</strong></span> <span class='ocrx_word' id='word_1_36' title='bbox 1031 891 1215 992; x_wconf 88' lang='lat' dir='ltr'><strong>producta,</strong></span> <span class='ocrx_word' id='word_1_37' title='bbox 1250 906 1288 965; x_wconf 90' lang='lat' dir='ltr'><strong>nt</strong></span> <span class='ocrx_word' id='word_1_38' title='bbox 1319 895 1356 966; x_wconf 93' lang='lat' dir='ltr'><strong>in</strong></span> 
     </span>
     <span class='ocr_line' id='line_1_6' title="bbox 209 1003 1470 1108; baseline -0.001 -23"><span class='ocrx_word' id='word_1_39' title='bbox 209 1009 334 1085; x_wconf 83' lang='lat' dir='ltr'><strong>Avium</strong></span> <span class='ocrx_word' id='word_1_40' title='bbox 362 1009 475 1096; x_wconf 69' lang='lat'><strong>1340,</strong></span> <span class='ocrx_word' id='word_1_41' title='bbox 507 1003 587 1084; x_wconf 83' lang='grc' dir='ltr'><strong><em>ε1νονν</em></strong></span> <span class='ocrx_word' id='word_1_42' title='bbox 614 1009 769 1108; x_wconf 68' lang='grc' dir='ltr'><strong><em>ἄγγελος</em></strong></span> <span class='ocrx_word' id='word_1_43' title='bbox 795 1004 1066 1108; x_wconf 77' lang='grc' dir='ltr'><strong>(εἷνονύγγελος),</strong></span> <span class='ocrx_word' id='word_1_44' title='bbox 1095 1009 1130 1082; x_wconf 92' lang='lat' dir='ltr'><strong>in</strong></span> <span class='ocrx_word' id='word_1_45' title='bbox 1155 1011 1232 1084; x_wconf 88' lang='lat' dir='ltr'><strong>Pac.</strong></span> <span class='ocrx_word' id='word_1_46' title='bbox 1257 1007 1356 1102; x_wconf 81' lang='lat' dir='ltr'><strong>32t,</strong></span> <span class='ocrx_word' id='word_1_47' title='bbox 1469 1088 1470 1099; x_wconf 18' lang='lat'>¹</span> 
     </span>
     <span class='ocr_line' id='line_1_7' title="bbox 211 1119 1356 1220; baseline 0.002 -24"><span class='ocrx_word' id='word_1_48' title='bbox 211 1123 388 1220; x_wconf 76' lang='grc' dir='ltr'><strong><em>βούλομαι</em></strong></span> <span class='ocrx_word' id='word_1_49' title='bbox 413 1121 531 1213; x_wconf 78' lang='grc' dir='ltr'><strong><em>δλλοὶ,</em></strong></span> <span class='ocrx_word' id='word_1_50' title='bbox 551 1145 601 1196; x_wconf 84' lang='lat' dir='ltr'><strong>rs.</strong></span> <span class='ocrx_word' id='word_1_51' title='bbox 619 1123 711 1214; x_wconf 70' lang='grc'><strong>172,</strong></span> <span class='ocrx_word' id='word_1_52' title='bbox 738 1119 990 1220; x_wconf 73' lang='grc' dir='ltr'><strong><em>προύνροοῦντοιν</em></strong></span> <span class='ocrx_word' id='word_1_53' title='bbox 1012 1121 1132 1213; x_wconf 68' lang='lat' dir='ltr'><strong>trad,</strong></span> <span class='ocrx_word' id='word_1_54' title='bbox 1157 1121 1193 1194; x_wconf 94' lang='lat' dir='ltr'><strong>in</strong></span> <span class='ocrx_word' id='word_1_55' title='bbox 1209 1119 1356 1198; x_wconf 90' lang='lat' dir='ltr'><strong>Thesm.</strong></span> 
     </span>
     <span class='ocr_line' id='line_1_8' title="bbox 215 1231 1357 1336; baseline 0.001 -24"><span class='ocrx_word' id='word_1_56' title='bbox 215 1239 330 1328; x_wconf 92' lang='grc'><strong>1012,</strong></span> <span class='ocrx_word' id='word_1_57' title='bbox 351 1235 534 1336; x_wconf 75' lang='grc' dir='ltr'><strong><em>ρύγνοούονν</em></strong></span> <span class='ocrx_word' id='word_1_58' title='bbox 560 1234 814 1336; x_wconf 71' lang='grc' dir='ltr'><strong>Ἀνδρομέδαν,</strong></span> <span class='ocrx_word' id='word_1_59' title='bbox 831 1237 866 1310; x_wconf 89' lang='lat' dir='ltr'><strong>in</strong></span> <span class='ocrx_word' id='word_1_60' title='bbox 882 1235 972 1313; x_wconf 89' lang='lat' dir='ltr'><strong>Nub.</strong></span> <span class='ocrx_word' id='word_1_61' title='bbox 984 1237 1097 1326; x_wconf 89' lang='lat'><strong>1120,</strong></span> <span class='ocrx_word' id='word_1_62' title='bbox 1109 1231 1357 1331; x_wconf 69' lang='grc' dir='ltr'><strong>ἀπολήψεσθαι</strong></span> 
     </span>
     <span class='ocr_line' id='line_1_9' title="bbox 213 1352 481 1455; baseline -0.011 -24"><span class='ocrx_word' id='word_1_63' title='bbox 213 1352 313 1431; x_wconf 69' lang='lat' dir='ltr'><strong>altat</strong></span> <span class='ocrx_word' id='word_1_64' title='bbox 338 1367 373 1429; x_wconf 88' lang='grc' dir='ltr'><strong>λ.</strong></span> <span class='ocrx_word' id='word_1_65' title='bbox 397 1385 439 1451; x_wconf 77' lang='grc' dir='ltr'><strong>μ.</strong></span> <span class='ocrx_word' id='word_1_66' title='bbox 478 1451 481 1455; x_wconf 82' lang='lat'>.</span> 
     </span>
    </p>
   </div>
   <div class='ocr_carea' id='block_1_5' title="bbox 259 1545 1093 1652">
    <p class='ocr_par' dir='ltr' id='par_1_5' title="bbox 259 1545 1093 1652">
     <span class='ocr_line' id='line_1_10' title="bbox 259 1545 1093 1652; baseline 0.002 -28"><span class='ocrx_word' id='word_1_67' title='bbox 259 1554 323 1630; x_wconf 86' lang='lat' dir='ltr'><strong>Vs.</strong></span> <span class='ocrx_word' id='word_1_68' title='bbox 348 1553 432 1630; x_wconf 73' lang='grc'><strong>028,</strong></span> <span class='ocrx_word' id='word_1_69' title='bbox 481 1545 652 1652; x_wconf 78' lang='lat' dir='ltr'><strong>Euripidis</strong></span> <span class='ocrx_word' id='word_1_70' title='bbox 675 1549 778 1626; x_wconf 84' lang='lat' dir='ltr'><strong>credo</strong></span> <span class='ocrx_word' id='word_1_71' title='bbox 798 1549 903 1628; x_wconf 85' lang='lat' dir='ltr'><strong>fuisse</strong></span> <span class='ocrx_word' id='word_1_72' title='bbox 929 1550 1093 1626; x_wconf 84' lang='lat' dir='ltr'><strong>abeuntis.</strong></span> 
     </span>
    </p>
   </div>
   <div class='ocr_carea' id='block_1_6' title="bbox 213 1749 1367 2310">
    <p class='ocr_par' dir='ltr' id='par_1_6' title="bbox 213 1749 1367 2310">
     <span class='ocr_line' id='line_1_11' title="bbox 263 1749 1365 1852; baseline -0.002 -20"><span class='ocrx_word' id='word_1_73' title='bbox 263 1759 324 1834; x_wconf 89' lang='lat' dir='ltr'><strong>Vs.</strong></span> <span class='ocrx_word' id='word_1_74' title='bbox 349 1757 433 1834; x_wconf 88' lang='grc'><strong>929.</strong></span> <span class='ocrx_word' id='word_1_75' title='bbox 483 1757 579 1830; x_wconf 86' lang='lat' dir='ltr'><strong>Haec</strong></span> <span class='ocrx_word' id='word_1_76' title='bbox 600 1779 666 1826; x_wconf 91' lang='lat' dir='ltr'><strong>non</strong></span> <span class='ocrx_word' id='word_1_77' title='bbox 691 1751 931 1852; x_wconf 75' lang='lat' dir='ltr'><strong>interrogative</strong></span> <span class='ocrx_word' id='word_1_78' title='bbox 954 1749 1107 1850; x_wconf 75' lang='lat' dir='ltr'><strong>legenda.</strong></span> <span class='ocrx_word' id='word_1_79' title='bbox 1155 1751 1239 1826; x_wconf 86' lang='lat' dir='ltr'><strong>Viso</strong></span> <span class='ocrx_word' id='word_1_80' title='bbox 1257 1755 1365 1830; x_wconf 89' lang='lat' dir='ltr'><strong>Mne-</strong></span> 
     </span>
     <span class='ocr_line' id='line_1_12' title="bbox 213 1863 1365 1970; baseline -0.003 -25"><span class='ocrx_word' id='word_1_81' title='bbox 213 1869 360 1962; x_wconf 90' lang='lat' dir='ltr'><strong>silocho,</strong></span> <span class='ocrx_word' id='word_1_82' title='bbox 394 1895 497 1970; x_wconf 87' lang='lat' dir='ltr'><strong>quem</strong></span> <span class='ocrx_word' id='word_1_83' title='bbox 530 1867 652 1942; x_wconf 91' lang='lat' dir='ltr'><strong>mulier</strong></span> <span class='ocrx_word' id='word_1_84' title='bbox 685 1863 890 1955; x_wconf 86' lang='lat' dir='ltr'><strong>custodiret,</strong></span> <span class='ocrx_word' id='word_1_85' title='bbox 924 1866 1102 1966; x_wconf 81' lang='lat' dir='ltr'><strong>Prytanis,</strong></span> <span class='ocrx_word' id='word_1_86' title='bbox 1136 1893 1155 1939; x_wconf 91' lang='lat' dir='ltr'><strong>a</strong></span> <span class='ocrx_word' id='word_1_87' title='bbox 1188 1865 1365 1942; x_wconf 88' lang='lat' dir='ltr'><strong>Clisthene</strong></span> 
     </span>
     <span class='ocr_line' id='line_1_13' title="bbox 213 1977 1367 2081; baseline -0.006 -24"><span class='ocrx_word' id='word_1_88' title='bbox 213 1995 332 2058; x_wconf 90' lang='lat' dir='ltr'><strong>cuncta</strong></span> <span class='ocrx_word' id='word_1_89' title='bbox 367 1979 523 2075; x_wconf 83' lang='lat' dir='ltr'><strong>edoctus,</strong></span> <span class='ocrx_word' id='word_1_90' title='bbox 564 1979 678 2053; x_wconf 89' lang='lat' dir='ltr'><strong>statim</strong></span> <span class='ocrx_word' id='word_1_91' title='bbox 708 1977 888 2078; x_wconf 73' lang='lat' dir='ltr'><strong>intelligit,</strong></span> <span class='ocrx_word' id='word_1_92' title='bbox 926 1977 1036 2078; x_wconf 91' lang='lat' dir='ltr'><strong>ipsum</strong></span> <span class='ocrx_word' id='word_1_93' title='bbox 1064 2003 1162 2072; x_wconf 87' lang='lat' dir='ltr'><strong>esse,</strong></span> <span class='ocrx_word' id='word_1_94' title='bbox 1196 1980 1254 2081; x_wconf 89' lang='lat' dir='ltr'><strong>qui</strong></span> <span class='ocrx_word' id='word_1_95' title='bbox 1279 1982 1367 2056; x_wconf 83' lang='lat' dir='ltr'><strong>vin-</strong></span> 
     </span>
     <span class='ocr_line' id='line_1_14' title="bbox 213 2091 1364 2196; baseline -0.002 -24"><span class='ocrx_word' id='word_1_96' title='bbox 213 2094 350 2172; x_wconf 83' lang='lat' dir='ltr'><strong>ciendus</strong></span> <span class='ocrx_word' id='word_1_97' title='bbox 392 2104 490 2172; x_wconf 89' lang='lat' dir='ltr'><strong>esset.</strong></span> <span class='ocrx_word' id='word_1_98' title='bbox 540 2093 579 2171; x_wconf 87' lang='lat' dir='ltr'><strong>si</strong></span> <span class='ocrx_word' id='word_1_99' title='bbox 615 2091 820 2194; x_wconf 75' lang='lat' dir='ltr'><strong>quaesisset,</strong></span> <span class='ocrx_word' id='word_1_100' title='bbox 862 2117 1061 2196; x_wconf 87' lang='lat' dir='ltr'><strong>responsum</strong></span> <span class='ocrx_word' id='word_1_101' title='bbox 1094 2095 1127 2168; x_wconf 91' lang='lat' dir='ltr'><strong>ei</strong></span> <span class='ocrx_word' id='word_1_102' title='bbox 1163 2121 1184 2170; x_wconf 92' lang='lat' dir='ltr'><strong>a</strong></span> <span class='ocrx_word' id='word_1_103' title='bbox 1218 2095 1364 2172; x_wconf 87' lang='lat' dir='ltr'><strong>muliere</strong></span> 
     </span>
     <span class='ocr_line' id='line_1_15' title="bbox 213 2208 903 2310; baseline -0.004 -27"><span class='ocrx_word' id='word_1_104' title='bbox 213 2208 372 2310; x_wconf 87' lang='lat' dir='ltr'><strong>oportuit.</strong></span> <span class='ocrx_word' id='word_1_105' title='bbox 900 2221 903 2229; x_wconf 88' lang='lat'>&#39;</span> 
     </span>
    </p>
   </div>
   <div class='ocr_carea' id='block_1_7' title="bbox 215 2397 1471 3216">
    <p class='ocr_par' dir='ltr' id='par_1_7' title="bbox 215 2397 1472 2734">
     <span class='ocr_line' id='line_1_16' title="bbox 262 2397 1471 2504; baseline 0.001 -26"><span class='ocrx_word' id='word_1_106' title='bbox 262 2408 326 2480; x_wconf 85' lang='lat' dir='ltr'><strong>Vs.</strong></span> <span class='ocrx_word' id='word_1_107' title='bbox 360 2406 444 2482; x_wconf 70' lang='lat'><strong>9511.</strong></span> <span class='ocrx_word' id='word_1_108' title='bbox 487 2397 581 2502; x_wconf 80' lang='grc' dir='ltr'><strong>Ἀγε</strong></span> <span class='ocrx_word' id='word_1_109' title='bbox 605 2401 640 2485; x_wconf 70' lang='lat' dir='ltr'><strong>is</strong></span> <span class='ocrx_word' id='word_1_110' title='bbox 666 2407 804 2481; x_wconf 91' lang='grc' dir='ltr'><strong><em>κύκλον.</em></strong></span> <span class='ocrx_word' id='word_1_111' title='bbox 854 2402 912 2476; x_wconf 83' lang='lat' dir='ltr'><strong>sic</strong></span> <span class='ocrx_word' id='word_1_112' title='bbox 940 2400 1086 2500; x_wconf 73' lang='lat' dir='ltr'><strong>legitur,</strong></span> <span class='ocrx_word' id='word_1_113' title='bbox 1121 2413 1160 2480; x_wconf 88' lang='lat' dir='ltr'><strong>nt</strong></span> <span class='ocrx_word' id='word_1_114' title='bbox 1184 2405 1254 2504; x_wconf 81' lang='grc' dir='ltr'><strong><em>δ’κγο</em></strong></span> <span class='ocrx_word' id='word_1_115' title='bbox 1277 2431 1364 2480; x_wconf 82' lang='lat' dir='ltr'><strong>ver·</strong></span> <span class='ocrx_word' id='word_1_116' title='bbox 1470 2438 1471 2441; x_wconf 42' lang='lat'>¹</span> 
     </span>
     <span class='ocr_line' id='line_1_17' title="bbox 215 2511 1366 2616; baseline -0.002 -25"><span class='ocrx_word' id='word_1_117' title='bbox 215 2517 298 2591; x_wconf 90' lang='lat' dir='ltr'><strong>bum</strong></span> <span class='ocrx_word' id='word_1_118' title='bbox 332 2516 391 2590; x_wconf 84' lang='lat' dir='ltr'><strong>sit:</strong></span> <span class='ocrx_word' id='word_1_119' title='bbox 428 2541 519 2588; x_wconf 84' lang='lat' dir='ltr'><strong>move</strong></span> <span class='ocrx_word' id='word_1_120' title='bbox 542 2523 574 2587; x_wconf 83' lang='lat' dir='ltr'><strong>te</strong></span> <span class='ocrx_word' id='word_1_121' title='bbox 601 2512 636 2586; x_wconf 82' lang='grc' dir='ltr'><strong>ἰνν</strong></span> <span class='ocrx_word' id='word_1_122' title='bbox 661 2511 785 2590; x_wconf 70' lang='lat' dir='ltr'><strong>ntem.</strong></span> <span class='ocrx_word' id='word_1_123' title='bbox 831 2512 975 2603; x_wconf 83' lang='lat' dir='ltr'><strong>Melius,</strong></span> <span class='ocrx_word' id='word_1_124' title='bbox 999 2512 1122 2607; x_wconf 87' lang='lat' dir='ltr'><strong>credo,</strong></span> <span class='ocrx_word' id='word_1_125' title='bbox 1142 2518 1214 2616; x_wconf 60' lang='grc' dir='ltr'><strong>ἄγε</strong></span> <span class='ocrx_word' id='word_1_126' title='bbox 1237 2515 1366 2596; x_wconf 79' lang='lat' dir='ltr'><strong>adver-</strong></span> 
     </span>
     <span class='ocr_line' id='line_1_18' title="bbox 216 2623 1297 2734; baseline 0.001 -31"><span class='ocrx_word' id='word_1_127' title='bbox 216 2629 314 2703; x_wconf 90' lang='lat' dir='ltr'><strong>bium</strong></span> <span class='ocrx_word' id='word_1_128' title='bbox 333 2627 519 2728; x_wconf 79' lang='lat' dir='ltr'><strong>intelliges,</strong></span> <span class='ocrx_word' id='word_1_129' title='bbox 549 2642 584 2703; x_wconf 89' lang='lat' dir='ltr'><strong>et</strong></span> <span class='ocrx_word' id='word_1_130' title='bbox 608 2627 642 2710; x_wconf 70' lang='lat' dir='ltr'><strong>tc</strong></span> <span class='ocrx_word' id='word_1_131' title='bbox 667 2632 791 2705; x_wconf 85' lang='grc' dir='ltr'><strong><em>κύκλον</em></strong></span> <span class='ocrx_word' id='word_1_132' title='bbox 815 2623 1026 2702; x_wconf 77' lang='lat' dir='ltr'><strong>adverbum</strong></span> <span class='ocrx_word' id='word_1_133' title='bbox 1045 2625 1158 2704; x_wconf 82' lang='lat' dir='ltr'><strong>trahes</strong></span> <span class='ocrx_word' id='word_1_134' title='bbox 1179 2630 1297 2734; x_wconf 77' lang='grc' dir='ltr'><strong><em>χύρεν·</em></strong></span> 
     </span>
    </p>

    <p class='ocr_par' dir='ltr' id='par_1_8' title="bbox 221 2758 1048 3216">
     <span class='ocr_line' id='line_1_19' title="bbox 680 2758 1048 2860; baseline -0.005 0"><span class='ocrx_word' id='word_1_135' title='bbox 680 2758 787 2860; x_wconf 70' lang='grc' dir='ltr'><strong><em>κύνει</em></strong></span> <span class='ocrx_word' id='word_1_136' title='bbox 1046 2761 1048 2768; x_wconf 82' lang='grc'><em>’</em></span> 
     </span>
     <span class='ocr_line' id='line_1_20' title="bbox 346 2870 938 2972; baseline -0.002 -22"><span class='ocrx_word' id='word_1_137' title='bbox 346 2878 466 2971; x_wconf 79' lang='grc' dir='ltr'><strong><em>κοῦφον</em></strong></span> <span class='ocrx_word' id='word_1_138' title='bbox 488 2874 614 2963; x_wconf 74' lang='grc' dir='ltr'><strong>ποσὶν,</strong></span> <span class='ocrx_word' id='word_1_139' title='bbox 639 2872 719 2972; x_wconf 60' lang='grc' dir='ltr'><strong>ἂρ’,</strong></span> <span class='ocrx_word' id='word_1_140' title='bbox 744 2870 779 2956; x_wconf 78' lang='grc' dir='ltr'><strong>ἔς</strong></span> <span class='ocrx_word' id='word_1_141' title='bbox 801 2876 938 2949; x_wconf 89' lang='grc' dir='ltr'><strong><em>κύνολον.</em></strong></span> 
     </span>
     <span class='ocr_line' id='line_1_21' title="bbox 221 3001 697 3091; baseline -0.011 -11"><span class='ocrx_word' id='word_1_142' title='bbox 221 3002 281 3080; x_wconf 81' lang='lat' dir='ltr'><strong>Sic</strong></span> <span class='ocrx_word' id='word_1_143' title='bbox 303 3014 395 3077; x_wconf 87' lang='lat' dir='ltr'><strong>certe</strong></span> <span class='ocrx_word' id='word_1_144' title='bbox 419 3013 470 3075; x_wconf 85' lang='lat' dir='ltr'><strong>est</strong></span> <span class='ocrx_word' id='word_1_145' title='bbox 493 3003 584 3078; x_wconf 80' lang='lat' dir='ltr'><strong>lton.</strong></span> <span class='ocrx_word' id='word_1_146' title='bbox 603 3001 697 3091; x_wconf 75' lang='lat' dir='ltr'><strong>tul,</strong></span> 
     </span>
     <span class='ocr_line' id='line_1_22' title="bbox 348 3115 927 3216; baseline 0 -23"><span class='ocrx_word' id='word_1_147' title='bbox 348 3121 495 3216; x_wconf 76' lang='grc' dir='ltr'><strong><em>χωρεῖτε</em></strong></span> <span class='ocrx_word' id='word_1_148' title='bbox 515 3126 569 3195; x_wconf 84' lang='grc' dir='ltr'><strong>νύν</strong></span> <span class='ocrx_word' id='word_1_149' title='bbox 596 3118 679 3214; x_wconf 75' lang='lat' dir='ltr'><strong>tepla</strong></span> <span class='ocrx_word' id='word_1_150' title='bbox 700 3115 769 3196; x_wconf 68' lang='lat' dir='ltr'><strong>tiu</strong></span> <span class='ocrx_word' id='word_1_151' title='bbox 785 3119 927 3196; x_wconf 67' lang='grc' dir='ltr'><strong><em>κύκλον.</em></strong></span> 
     </span>
    </p>
   </div>
   <div class='ocr_carea' id='block_1_8' title="bbox 229 3289 1364 3542">
    <p class='ocr_par' dir='ltr' id='par_1_9' title="bbox 229 3289 1364 3542">
     <span class='ocr_line' id='line_1_23' title="bbox 270 3289 1364 3430; baseline 0.005 -30"><span class='ocrx_word' id='word_1_152' title='bbox 270 3330 334 3407; x_wconf 88' lang='lat' dir='ltr'><strong>Vs.</strong></span> <span class='ocrx_word' id='word_1_153' title='bbox 361 3289 466 3406; x_wconf 62' lang='lat'>1003}</span> <span class='ocrx_word' id='word_1_154' title='bbox 516 3329 631 3427; x_wconf 78' lang='lat' dir='ltr'><strong>Lege,</strong></span> <span class='ocrx_word' id='word_1_155' title='bbox 667 3327 767 3427; x_wconf 73' lang='grc' dir='ltr'><strong><em>δρύο’</em></strong></span> <span class='ocrx_word' id='word_1_156' title='bbox 799 3327 870 3428; x_wconf 70' lang='lat' dir='ltr'><strong>lyd</strong></span> <span class='ocrx_word' id='word_1_157' title='bbox 899 3326 1034 3430; x_wconf 66' lang='grc' dir='ltr'><strong><em>(δρόσον</em></strong></span> <span class='ocrx_word' id='word_1_158' title='bbox 1058 3326 1145 3429; x_wconf 70' lang='lat' dir='ltr'><strong>ipsi)</strong></span> <span class='ocrx_word' id='word_1_159' title='bbox 1176 3341 1215 3402; x_wconf 89' lang='lat' dir='ltr'><strong>ut</strong></span> <span class='ocrx_word' id='word_1_160' title='bbox 1238 3341 1288 3404; x_wconf 90' lang='lat' dir='ltr'><strong>est</strong></span> <span class='ocrx_word' id='word_1_161' title='bbox 1312 3356 1364 3406; x_wconf 88' lang='lat' dir='ltr'><strong>vs.</strong></span> 
     </span>
     <span class='ocr_line' id='line_1_24' title="bbox 229 3438 646 3542; baseline 0.014 -26"><span class='ocrx_word' id='word_1_162' title='bbox 229 3440 346 3536; x_wconf 83' lang='grc'><strong>1217,</strong></span> <span class='ocrx_word' id='word_1_163' title='bbox 372 3438 410 3521; x_wconf 76' lang='grc' dir='ltr'><strong>ον’</strong></span> <span class='ocrx_word' id='word_1_164' title='bbox 433 3439 506 3542; x_wconf 78' lang='lat' dir='ltr'><strong>(tri)</strong></span> <span class='ocrx_word' id='word_1_165' title='bbox 532 3439 646 3540; x_wconf 64' lang='grc' dir='ltr'><strong><em>δράσι.</em></strong></span> 
     </span>
    </p>
   </div>
   <div class='ocr_carea' id='block_1_9' title="bbox 226 3629 1373 4076">
    <p class='ocr_par' dir='ltr' id='par_1_10' title="bbox 226 3629 1373 4076">
     <span class='ocr_line' id='line_1_25' title="bbox 269 3629 1369 3756; baseline 0.004 -28"><span class='ocrx_word' id='word_1_166' title='bbox 269 3629 338 3735; x_wconf 52' lang='grc' dir='ltr'><strong>νε.</strong></span> <span class='ocrx_word' id='word_1_167' title='bbox 363 3655 468 3732; x_wconf 91' lang='grc'><strong>1012.</strong></span> <span class='ocrx_word' id='word_1_168' title='bbox 519 3656 604 3756; x_wconf 81' lang='lat' dir='ltr'><strong>Legi</strong></span> <span class='ocrx_word' id='word_1_169' title='bbox 637 3656 773 3750; x_wconf 84' lang='lat' dir='ltr'><strong>malim,</strong></span> <span class='ocrx_word' id='word_1_170' title='bbox 801 3653 940 3738; x_wconf 72' lang='grc' dir='ltr'><strong><em>πάντων</em></strong></span> <span class='ocrx_word' id='word_1_171' title='bbox 970 3656 1010 3756; x_wconf 75' lang='grc' dir='ltr'><strong>γ’</strong></span> <span class='ocrx_word' id='word_1_172' title='bbox 1043 3654 1141 3751; x_wconf 75' lang='grc' dir='ltr'><strong>ἐμοί,</strong></span> <span class='ocrx_word' id='word_1_173' title='bbox 1174 3670 1211 3731; x_wconf 89' lang='lat' dir='ltr'><strong>ut</strong></span> <span class='ocrx_word' id='word_1_174' title='bbox 1246 3670 1280 3731; x_wconf 89' lang='lat' dir='ltr'><strong>et</strong></span> <span class='ocrx_word' id='word_1_175' title='bbox 1301 3656 1369 3756; x_wconf 75' lang='lat' dir='ltr'><strong>legi</strong></span> 
     </span>
     <span class='ocr_line' id='line_1_26' title="bbox 226 3769 1370 3850; baseline -0.003 -2"><span class='ocrx_word' id='word_1_176' title='bbox 226 3771 332 3848; x_wconf 75' lang='lat' dir='ltr'><strong>velim</strong></span> <span class='ocrx_word' id='word_1_177' title='bbox 363 3797 415 3846; x_wconf 89' lang='lat' dir='ltr'><strong>vs.</strong></span> <span class='ocrx_word' id='word_1_178' title='bbox 439 3771 524 3846; x_wconf 81' lang='lat'><strong>851.</strong></span> <span class='ocrx_word' id='word_1_179' title='bbox 575 3770 666 3844; x_wconf 88' lang='lat' dir='ltr'><strong>Tum</strong></span> <span class='ocrx_word' id='word_1_180' title='bbox 702 3798 780 3845; x_wconf 82' lang='lat' dir='ltr'><strong>mox</strong></span> <span class='ocrx_word' id='word_1_181' title='bbox 814 3771 914 3845; x_wconf 90' lang='lat' dir='ltr'><strong>metri</strong></span> <span class='ocrx_word' id='word_1_182' title='bbox 950 3771 987 3843; x_wconf 91' lang='lat' dir='ltr'><strong>in</strong></span> <span class='ocrx_word' id='word_1_183' title='bbox 1017 3773 1093 3850; x_wconf 88' lang='lat' dir='ltr'><strong>MS.</strong></span> <span class='ocrx_word' id='word_1_184' title='bbox 1119 3769 1194 3848; x_wconf 87' lang='lat' dir='ltr'><strong>edd.</strong></span> <span class='ocrx_word' id='word_1_185' title='bbox 1228 3772 1370 3849; x_wconf 84' lang='lat' dir='ltr'><strong>vitium:</strong></span> 
     </span>
     <span class='ocr_line' id='line_1_27' title="bbox 227 3877 1373 4076; baseline 0.003 -117"><span class='ocrx_word' id='word_1_186' title='bbox 227 3884 331 4076; x_wconf 56' lang='lat' dir='ltr'><strong>gitur</strong></span> <span class='ocrx_word' id='word_1_187' title='bbox 351 3877 410 3960; x_wconf 80' lang='grc' dir='ltr'><strong>οὖν</strong></span> <span class='ocrx_word' id='word_1_188' title='bbox 433 3882 506 3962; x_wconf 73' lang='lat' dir='ltr'><strong>tat’</strong></span> <span class='ocrx_word' id='word_1_189' title='bbox 532 3883 600 3962; x_wconf 82' lang='grc' dir='ltr'><strong><em>ύτν·</em></strong></span> <span class='ocrx_word' id='word_1_190' title='bbox 638 3884 686 3958; x_wconf 89' lang='lat' dir='ltr'><strong>sic</strong></span> <span class='ocrx_word' id='word_1_191' title='bbox 708 3911 841 3986; x_wconf 88' lang='lat' dir='ltr'><strong>quoque</strong></span> <span class='ocrx_word' id='word_1_192' title='bbox 874 3885 986 3961; x_wconf 79' lang='lat' dir='ltr'><strong>tollast</strong></span> <span class='ocrx_word' id='word_1_193' title='bbox 1022 3884 1122 3978; x_wconf 70' lang='grc' dir='ltr'><strong><em>δῆλον</em></strong></span> <span class='ocrx_word' id='word_1_194' title='bbox 1156 3882 1214 3966; x_wconf 68' lang='lat' dir='ltr'><strong>adv</strong></span> <span class='ocrx_word' id='word_1_195' title='bbox 1249 3889 1305 3988; x_wconf 64' lang='grc' dir='ltr'><strong>ἄρ’</strong></span> <span class='ocrx_word' id='word_1_196' title='bbox 1335 3881 1373 3978; x_wconf 72' lang='grc' dir='ltr'><strong>ἦν</strong></span> 
     </span>
     <span class='ocr_line' id='line_1_28' title="bbox 248 4029 294 4075; baseline 0.043 -2"><span class='ocrx_word' id='word_1_197' title='bbox 248 4029 294 4075; x_wconf 81' lang='grc' dir='ltr'><strong>ον.</strong></span> 
     </span>
    </p>
   </div>
   <div class='ocr_carea' id='block_1_10' title="bbox 130 4193 1374 4530">
    <p class='ocr_par' dir='ltr' id='par_1_11' title="bbox 130 4193 1374 4530">
     <span class='ocr_line' id='line_1_29' title="bbox 276 4193 1374 4300; baseline 0.008 -34"><span class='ocrx_word' id='word_1_198' title='bbox 276 4197 342 4270; x_wconf 89' lang='lat' dir='ltr'><strong>Vs.</strong></span> <span class='ocrx_word' id='word_1_199' title='bbox 365 4193 460 4268; x_wconf 80' lang='grc'><strong>1050</strong></span> <span class='ocrx_word' id='word_1_200' title='bbox 480 4219 529 4294; x_wconf 73' lang='lat' dir='ltr'><strong>sq.</strong></span> <span class='ocrx_word' id='word_1_201' title='bbox 579 4195 654 4270; x_wconf 86' lang='lat' dir='ltr'><strong>Non</strong></span> <span class='ocrx_word' id='word_1_202' title='bbox 678 4195 855 4273; x_wconf 82' lang='lat' dir='ltr'><strong>inridicule</strong></span> <span class='ocrx_word' id='word_1_203' title='bbox 878 4195 1127 4274; x_wconf 81' lang='lat' dir='ltr'><strong>Andromedam</strong></span> <span class='ocrx_word' id='word_1_204' title='bbox 1149 4225 1251 4300; x_wconf 70' lang='lat' dir='ltr'><strong>agens</strong></span> <span class='ocrx_word' id='word_1_205' title='bbox 1270 4203 1374 4278; x_wconf 82' lang='lat' dir='ltr'><strong>Mne-</strong></span> 
     </span>
     <span class='ocr_line' id='line_1_30' title="bbox 130 4305 1374 4414; baseline 0.017 -35"><span class='ocrx_word' id='word_1_206' title='bbox 130 4355 134 4366; x_wconf 45' lang='lat'>1</span> <span class='ocrx_word' id='word_1_207' title='bbox 229 4305 398 4399; x_wconf 82' lang='lat' dir='ltr'><strong>silochus,</strong></span> <span class='ocrx_word' id='word_1_208' title='bbox 436 4331 513 4380; x_wconf 87' lang='lat' dir='ltr'><strong>eum</strong></span> <span class='ocrx_word' id='word_1_209' title='bbox 557 4308 794 4384; x_wconf 74' lang='lat' dir='ltr'><strong>exclamasset:</strong></span> <span class='ocrx_word' id='word_1_210' title='bbox 838 4310 903 4392; x_wconf 70' lang='grc' dir='ltr'><strong>εἴθ’</strong></span> <span class='ocrx_word' id='word_1_211' title='bbox 936 4311 999 4409; x_wconf 65' lang='lat' dir='ltr'><strong>lp?</strong></span> <span class='ocrx_word' id='word_1_212' title='bbox 1038 4315 1213 4412; x_wconf 73' lang='grc' dir='ltr'><strong>πυρφόρον</strong></span> <span class='ocrx_word' id='word_1_213' title='bbox 1246 4313 1374 4414; x_wconf 77' lang='grc' dir='ltr'><strong><em>ούύύρον</em></strong></span> 
     </span>
     <span class='ocr_line' id='line_1_31' title="bbox 232 4418 1370 4530; baseline 0.004 -24"><span class='ocrx_word' id='word_1_214' title='bbox 232 4419 346 4524; x_wconf 59' lang='lat' dir='ltr'><strong>desti?</strong></span> <span class='ocrx_word' id='word_1_215' title='bbox 370 4463 413 4483; x_wconf 84' lang='lat'><strong>...</strong></span> <span class='ocrx_word' id='word_1_216' title='bbox 436 4463 479 4480; x_wconf 88' lang='lat'><strong>···</strong></span> <span class='ocrx_word' id='word_1_217' title='bbox 510 4418 708 4518; x_wconf 63' lang='lat' dir='ltr'><strong>additurus,</strong></span> <span class='ocrx_word' id='word_1_218' title='bbox 748 4427 812 4519; x_wconf 67' lang='lat' dir='ltr'><strong>vlia</strong></span> <span class='ocrx_word' id='word_1_219' title='bbox 841 4427 1011 4528; x_wconf 78' lang='grc' dir='ltr'><strong><em>δύοροορνο</em></strong></span> <span class='ocrx_word' id='word_1_220' title='bbox 1043 4427 1241 4526; x_wconf 60' lang='lat' dir='ltr'><strong>biellam·</strong></span> <span class='ocrx_word' id='word_1_221' title='bbox 1276 4432 1370 4530; x_wconf 68' lang='lat' dir='ltr'><strong>quasi</strong></span> 
     </span>
    </p>
   </div>
   <div class='ocr_carea' id='block_1_11' title="bbox 0 0 1507 5108">
    <p class='ocr_par' dir='ltr' id='par_1_12' title="bbox 0 0 1507 5108">
     <span class='ocr_line' id='line_1_32' title="bbox 0 0 1507 5108; baseline 0 0"><span class='ocrx_word' id='word_1_222' title='bbox 0 0 1507 5108; x_wconf 95' lang='lat' dir='ltr'><strong> </strong></span> 
     </span>
    </p>
   </div>
   <div class='ocr_carea' id='block_1_12' title="bbox 1457 9 1490 2422">
    <p class='ocr_par' dir='ltr' id='par_1_13' title="bbox 1457 9 1490 2422">
     <span class='ocr_line' id='line_1_33' title="bbox 1457 9 1490 2422; baseline 0 0"><span class='ocrx_word' id='word_1_223' title='bbox 1457 9 1490 2422; x_wconf 95' lang='lat' dir='ltr'><strong> </strong></span> 
     </span>
    </p>
   </div>
   <div class='ocr_carea' id='block_1_13' title="bbox 1457 9 1491 2422">
    <p class='ocr_par' dir='ltr' id='par_1_14' title="bbox 1457 9 1491 2422">
     <span class='ocr_line' id='line_1_34' title="bbox 1457 9 1491 2422; baseline 0 0"><span class='ocrx_word' id='word_1_224' title='bbox 1457 9 1491 2422; x_wconf 95' lang='lat' dir='ltr'><strong> </strong></span> 
     </span>
    </p>
   </div>
   <div class='ocr_carea' id='block_1_14' title="bbox 1457 9 1491 2422">
    <p class='ocr_par' dir='ltr' id='par_1_15' title="bbox 1457 9 1491 2422">
     <span class='ocr_line' id='line_1_35' title="bbox 1457 9 1491 2422; baseline 0 0"><span class='ocrx_word' id='word_1_225' title='bbox 1457 9 1491 2422; x_wconf 95' lang='lat' dir='ltr'><strong> </strong></span> 
     </span>
    </p>
   </div>
   <div class='ocr_carea' id='block_1_15' title="bbox 1457 9 1491 2422">
    <p class='ocr_par' dir='ltr' id='par_1_16' title="bbox 1457 9 1491 2422">
     <span class='ocr_line' id='line_1_36' title="bbox 1457 9 1491 2422; baseline 0 0"><span class='ocrx_word' id='word_1_226' title='bbox 1457 9 1491 2422; x_wconf 95' lang='lat' dir='ltr'><strong> </strong></span> 
     </span>
    </p>
   </div>
   <div class='ocr_carea' id='block_1_16' title="bbox 1458 9 1488 2422">
    <p class='ocr_par' dir='ltr' id='par_1_17' title="bbox 1458 9 1488 2422">
     <span class='ocr_line' id='line_1_37' title="bbox 1458 9 1488 2422; baseline 0 0"><span class='ocrx_word' id='word_1_227' title='bbox 1458 9 1488 2422; x_wconf 95' lang='lat' dir='ltr'><strong> </strong></span> 
     </span>
    </p>
   </div>
   <div class='ocr_carea' id='block_1_17' title="bbox 1458 9 1488 2500">
    <p class='ocr_par' dir='ltr' id='par_1_18' title="bbox 1458 9 1488 2500">
     <span class='ocr_line' id='line_1_38' title="bbox 1458 9 1488 2500; baseline 0 0"><span class='ocrx_word' id='word_1_228' title='bbox 1458 9 1488 2500; x_wconf 95' lang='lat' dir='ltr'><strong> </strong></span> 
     </span>
    </p>
   </div>
  </div>
 </body>
</html>
