2948 5114
232 349 282 426 40
593 349 997 418 ou'srnvarranrs
1079 383 1085 394 ·

232 555 361 661 phoch)
405 557 514 634 cedere
552 557 593 634 de
629 559 722 634 salio.
783 563 896 656 Quem
936 573 1050 634 temen
1091 557 1255 636 honorem
1287 560 1384 638 hunc

233 698 404 748 recusasse
427 698 469 746 ex
492 673 565 772 ipse
594 699 633 748 re
652 685 758 774 patet.

248 925 250 931 ’
285 905 348 982 Vs.
371 906 457 984 814.
507 903 647 979 Sincera
687 915 738 976 est
769 900 869 975 lectio
912 899 1093 994 ὀξύλαλον.
1143 901 1282 977 Verbus
1318 903 1382 998 θῆ-

233 1046 360 1120 γνντνν
387 1015 524 1099 literae
545 1016 766 1114 νἰντντέχννυ·
794 1012 1008 1112 intelligenda
1027 1027 1103 1088 suut
1124 1013 1293 1088 absolutus
1311 1043 1380 1116 ge-

234 1133 380 1220 nitivus,
414 1142 449 1203 et
476 1130 537 1228 qui
564 1128 680 1202 dentes
713 1129 801 1201 acuit
830 1125 1013 1226 Aeschylus
1036 1141 1111 1216 est,
1145 1153 1211 1202 non
1233 1131 1379 1231 Euripi-

235 1243 306 1334 des.
357 1242 462 1318 Illum
483 1240 579 1316 decet
601 1233 705 1317 veluti
727 1267 847 1340 aprum
872 1242 987 1314 dentes
1008 1268 1148 1337 acuere,
1175 1241 1378 1344 Euripidem

234 1359 402 1453 ὀξύλαλον
432 1380 527 1430 esse:
560 1356 710 1460 profecto
740 1353 917 1429 altisonans
942 1355 994 1430 tle
1026 1382 1155 1430 mane
1183 1357 1269 1432 iram
1295 1383 1379 1460 peo-

233 1481 303 1548 tore
318 1469 465 1572 fovebat,
491 1466 548 1542 ahi
567 1465 663 1542 Arum
684 1467 804 1541 viderit
824 1467 1019 1572 loquenteam
1039 1477 1266 1563 ostentantem,
1300 1467 1378 1542 ἀναν

232 1583 440 1662 cavasanae
469 1583 560 1686 (ipse
587 1578 789 1682 Aeschylus)
820 1582 928 1657 dentes
953 1581 1051 1661 acuit

280 1802 341 1879 Vs.
363 1799 446 1876 860.
497 1792 599 1889 Quod
626 1793 772 1894 legitur:
799 1798 828 1875 ei
861 1803 974 1900 τούτῳ
1000 1798 1103 1878 δοκεῖ·
1127 1800 1213 1890 crit,
1244 1798 1277 1872 si
1304 1796 1379 1873 huic

232 1911 429 2018 (Aeschylo)
460 1909 596 1986 uidetur.
647 1908 809 1982 Ceterum
851 1922 885 1983 et
925 1912 960 1984 iu
1000 1914 1074 1988 MS.
1105 1926 1155 1987 est
1187 1924 1313 2004 ταῦτα,
1344 1925 1381 1985 et

231 2023 417 2125 Aeschylus
446 2049 525 2096 mox
560 2020 693 2096 Baccho
721 2049 797 2095 rem
821 2024 989 2121 permittit
1015 2050 1065 2105 vs,
1087 2027 1169 2104 869.
1195 2029 1293 2102 nec
1311 2021 1382 2099 ‘ae-

230 2137 364 2214 mulum
388 2133 588 2237 Euripidem
610 2133 768 2234 Aeschyli
792 2135 922 2209 arbitrii
945 2162 1020 2210 rem
1039 2137 1159 2212 fecisse
1183 2137 1381 2214 verosimile

232 2265 293 2329 est.
331 2252 481 2349 Legams
691 2241 694 2248 ’
744 2241 745 2249 ¹
905 2323 908 2330 ,
1222 2256 1225 2262 ’

719 2363 748 2438 el
776 2363 881 2438 τοῦτό
902 2392 948 2463 γε
969 2362 1073 2442 δοκεῖ·

237 2488 499 2599 quondoquidem
529 2485 588 2560 toi
606 2485 653 2560 ito
668 2485 818 2580 violetur,
847 2488 966 2583 ἐπειδή
987 2523 1042 2572 σοι
1062 2492 1158 2573 δοκεῖ
1170 2521 1223 2571 νε.
1245 2497 1330 2574 869.
1388 2453 1391 2468 ⁸
1436 2463 1440 2475 ⁴

281 2708 344 2783 vs.
371 2706 454 2782 865.
505 2702 558 2779 An
577 2698 779 2801 legendum:

354 2832 550 2931 ἐβουλόμην
574 2833 639 2928 μὶν
670 2834 730 2906 οὐκ
759 2829 878 2930 ἓρίζενν
901 2833 944 2915 ἂν
968 2835 1066 2946 ταδί.

234 2967 323 3043 Nam
364 2973 398 3034 et
431 2956 629 3058 particulam
670 2958 712 3037 liv
751 2957 867 3036 adesse
900 2965 973 3039 vult
1002 2967 1142 3068 lingua3
1180 2995 1243 3044 nec
1278 2969 1381 3068 quid-

206 3071 339 3176 'quam
368 3070 534 3172 Aeschylo
563 3096 682 3146 causae
709 3087 782 3166 est,
808 3077 889 3173 quin
919 3077 965 3151 eli
992 3095 1159 3156 certamen
1176 3083 1266 3173 ,velit
1295 3111 1380 3162 esse.

235 3193 350 3265 Immo
367 3189 479 3287 ipsum
506 3184 595 3258 istud
625 3199 797 3262 certamen
820 3189 922 3263 nollet
951 3193 1048 3271 inire.
1097 3196 1138 3270 Iu
1158 3195 1255 3269 Pacis
1277 3189 1380 3271 etiam

236 3327 287 3380 vs.
311 3301 360 3377 67
389 3296 500 3377 ἐνθαδί
525 3297 614 3371 male
628 3298 802 3398 'scriptum
824 3299 960 3378 videtur
982 3331 1046 3406 pru
1065 3303 1109 3384 ἂν
1133 3307 1223 3386 ταδί.

287 3487 960 3597 λωωώωω.
1320 3563 1325 3572 ,

482 3711 484 3715 .
526 3642 625 3722 ἔπιτε
654 3642 754 3724 δαΐαν
786 3639 870 3722 ὀδόν·
918 3673 921 3681 ·

236 3774 274 3836 ut
293 3785 345 3837 vs.
378 3758 482 3833 1104.

243 3985 244 3988 ’
284 3974 349 4046 Vs.
377 3972 448 4048 903
482 3995 532 4068 sq.
583 3973 678 4048 Haec
715 3976 866 4071 Chorus,
911 3975 1031 4071 credo,
1077 3977 1302 4073 continuavit,
1346 3997 1386 4057 ut

237 4093 319 4192 Lys.
355 4088 427 4164 484
460 4110 512 4184 sq.
551 4091 622 4164 549
664 4115 715 4186 sq.
760 4093 848 4188 Equ.
883 4093 955 4167 768
994 4117 1046 4189 sq.
1086 4092 1191 4192 Vesp.
1225 4097 1296 4172 546
1330 4123 1383 4196 sq.

236 4206 310 4279 648
329 4227 380 4300 sq.
412 4205 477 4278 As.
498 4203 569 4278 460
594 4229 646 4303 sq.
679 4194 821 4280 Thesm.
836 4205 904 4281 631
924 4227 974 4303 sq,
1014 4203 1105 4278 Plut.
1125 4207 1198 4283 487
1215 4233 1266 4306 sq.
1294 4211 1383 4286 Rau.
1459 4211 1460 4274 l

240 4319 332 4393 1002
360 4342 412 4416 sq.
450 4317 553 4394 Cone.
585 4320 653 4393 581
687 4340 737 4414 sq.
782 4319 875 4395 Bene
914 4318 1113 4398 senteutiam
1160 4323 1303 4402 mutavit
1340 4323 1385 4400 de
1459 4391 1460 4406 ,

238 4429 378 4512 Thesm.
410 4431 484 4512 726
503 4457 555 4530 sq.
575 4431 783 4534 Bruuckius‚
841 4425 850 4442 ³
