3002 5116
598 364 646 420 ιιι
696 365 903 423 vesens-
1267 353 1325 440 97}

203 569 280 646 ¹Vs.
304 564 387 646 653.
435 565 480 642 Ιιι
515 562 613 640 libris
649 579 701 643 est
732 575 846 640 uonna
879 563 1050 663 linguamt
1088 563 1318 666 εῖ-ὲδιδςῖξρς·

159 679 260 781 quod
282 681 332 754 sic
361 705 450 753 nunc
483 692 689 756 correctum:
723 677 961 776 et-tatattear.
994 679 1106 775 Vide,
1132 708 1175 756 au
1198 681 1320 758 melius

167 792 302 893 legetur
324 793 361 865 in
380 789 505 866 minis:
529 790 768 893 ἢν-διῖάξρς·
861 839 864 846 ·

220 1007 280 1118 νε.
306 1005 390 1084 681.
438 1005 492 1080 De
516 1001 645 1080 duobus
664 1007 765 1086 MSS.
791 1007 826 1082 in
852 1006 957 1084 altem
980 1018 1048 1086 est:
1170 1051 1172 1058 v

318 1137 377 1214 τε)
397 1131 428 1214 δ’
451 1136 488 1227 lla
514 1138 567 1218 τῖς
589 1160 635 1235 γε
659 1133 741 1234 διδῷ
764 1139 851 1237 τρεῖς
876 1133 1036 1234 ὀβολοῖς·
1069 1143 1073 1151 ’

170 1265 206 1341 ἰιι
230 1264 356 1340 altero:
481 1319 483 1322 -

315 1391 374 1470 rol
395 1388 428 1471 δ’
449 1391 486 1490 ἤν
509 1419 562 1474 τις
587 1387 671 1491 διδῷ
694 1393 776 1476 τοὺς
801 1395 889 1491 τρεῖς
911 1392 1069 1492 ὀβολοῖς.
1203 1381 1206 1392 ’

168 1557 242 1636 Nec
272 1547 406 1631 videtur
423 1548 600 1650 'arficulus
634 1578 654 1625 a
686 1550 821 1626 nomine
857 1550 1005 1650 ὀβολοῖς
1042 1551 1159 1626 abesse
1195 1577 1319 1653 posse,

168 1673 244 1774 (col
270 1665 303 1748 δ’
328 1666 365 1760 ἥν
390 1664 443 1756 τῖς
464 1691 510 1765 γε
535 1661 617 1762 διδῷ
643 1669 730 1764 τρεῖς
754 1665 813 1764 tu.
837 1681 874 1740 ut
892 1665 1083 1740 Brunckius
1104 1665 1188 1741 haec
1206 1663 1315 1762 dedit)

166 1809 231 1857 uec
252 1781 286 1854 in
304 1803 367 1872 eo,
384 1773 473 1876 quod
487 1773 637 1875 quotidie
655 1777 693 1864 fit
701 1779 715 1868 ,⁴
730 1777 827 1852 verbi
845 1791 978 1878 tempus
997 1771 1218 1879 praeteritum
1235 1777 1317 1880 poni

169 1899 244 2000 (rol
269 1893 302 1974 d’
325 1893 364 1985 ῖς
390 1921 443 1976 τις
466 1889 514 1989 δῷ
538 1889 621 1975 τοὺς
646 1895 734 1991 τρεῖς
753 1891 810 1990 tu.
835 1906 872 1964 ut
892 1891 927 1965 in
949 1883 1105 1968 Belikeri
1127 1893 1215 1967 libro
1235 1889 1316 1987 est).

165 2013 215 2086 Et
239 2005 394 2083 articulus
419 2003 522 2103 igitur
556 2003 736 2096 tenendus,
770 2017 805 2078 et
839 1997 1012 2104 praesens
1034 2005 1132 2084 verbi
1168 2019 1315 2106 tempus.

164 2115 328 2226 Suspicdr
346 2141 348 2154 “
364 2119 572 2218 adscriptum
595 2147 614 2193 a
643 2119 813 2218 magistris
839 2143 1026 2219 pronomen
1050 2150 1103 2203 τις
1126 2147 1146 2193 a
1171 2119 1318 2193 librariis

167 2239 204 2313 in
226 2251 356 2312 textum
379 2235 508 2310 illatum
531 2234 654 2330 fuisse3
689 2258 756 2334 quo
779 2232 912 2333 posito,
948 2243 1085 2331 recepta
1117 2257 1159 2306 ex
1190 2232 1316 2333 optimo

168 2347 284 2426 eodiee
304 2349 380 2427 MS.
403 2345 566 2450 partieula
589 2375 656 2447 γε,
682 2344 890 2420 carmensis
912 2344 1025 2446 legas:
1168 2387 1174 2398 ·

312 2491 370 2569 τοὶ
396 2488 430 2571 δ’
455 2491 492 2582 ἤν
515 2516 562 2589 γε
587 2487 668 2589 διδῷ
691 2489 775 2573 τοὺς
798 2494 887 2588 τρεῖς
910 2488 1071 2588 ὀβελούς·
1104 2551 1106 2558 .
1184 2527 1186 2537 ·

164 2630 239 2709 sive
263 2632 424 2708 omissum
450 2631 498 2704 sic
522 2631 565 2705 sit
592 2657 776 2732 pronomen
803 2661 874 2722 τις,
909 2645 947 2703 ut
971 2631 1006 2704 in
1031 2657 1082 2709 vs.
1107 2632 1198 2722 553,
1231 2631 1314 2732 Lyst

167 2747 288 2835 1119,
320 2745 421 2838 alibi3
458 2769 517 2815 seu
554 2743 590 2840 ῖς
625 2743 707 2845 διδῷ
737 2742 925 2843 intelligase
967 2741 998 2815 si
1030 2741 1083 2815 itte
1113 2742 1210 2818 modo
1235 2744 1313 2838 dat,

165 2861 221 2934 cui
253 2858 290 2933 id
323 2857 449 2958 negotii
478 2870 549 2949 est,
587 2871 625 2932 ut
647 2859 684 2931 in
708 2858 811 2935 Cone.
838 2857 936 2949 841,
970 2856 1077 2956 Vesp.
1104 2857 1170 2949 ll,
1203 2858 1311 2956 vesp.

215 3199 277 3278 Vs.
302 3199 387 3274 698.
438 3199 504 3276 Kal
529 3199 637 3276 τοῖτιν
663 3194 795 3275 tam
819 3209 954 3273 vertunt
978 3205 1010 3270 et
1030 3196 1207 3288 universas,
1243 3211 1318 3272 ter-

165 3313 252 3388 tium
277 3336 393 3386 casum
416 3310 639 3408 intelligentes
664 3309 860 3384 nominativi
884 3315 918 3390 οῖ
941 3309 1107 3394 damac.
1155 3311 1318 3387 Ceterum

168 3440 363 3530 pertatem
386 3423 473 3499 hanc
494 3425 642 3501 fabulam
664 3424 699 3497 in
722 3423 935 3499 Philocleone
964 3425 1174 3500 Atheniensis
1198 3425 1318 3526 populi

168 3539 298 3616 ridetur
327 3536 500 3638 stoliditas.
557 3542 602 3614 Et
641 3551 751 3638 potest
794 3550 886 3612 certe
932 3541 990 3618 aul
1031 3545 1141 3618 τοῖτιν
1165 3536 1317 3640 Ιῖῖιτςιτιν

167 3651 321 3752 obliquus
345 3675 440 3724 casus
464 3675 537 3724 esse
560 3650 645 3725 recti
670 3652 729 3727 καὶ
753 3653 803 3730 τῖς
827 3650 994 3748 dserva,
1026 3651 1076 3728 vel
1101 3651 1136 3726 in
1160 3647 1317 3730 orandas.

166 3768 229 3842 Est
252 3791 332 3840 mox
356 3766 419 3864 ζῇν
442 3769 536 3844 τῖῖτι
560 3766 712 3866 λαγῴοις
732 3790 784 3842 vs.
809 3765 894 3845 709.

217 4000 280 4073 νε.
304 4000 394 4078 699.
437 3999 529 4084 Tude
558 3999 616 4078 tet
647 3997 855 4096 δημῖζοντςεε
879 3991 1036 4067 Comicus
1061 3989 1168 4084 dixit,
1193 3992 1316 4085 credo,

165 4111 226 4214 qui
256 4136 390 4213 semper
414 4115 449 4187 in
474 4139 534 4188 ore
560 4112 685 4190 habent
709 4109 814 4200 illud,
843 4099 868 4186 ὧ
893 4105 993 4204 δῆμε.
1045 4107 1103 4182 Sic
1126 4106 1191 4180 fuit
1217 4106 1317 4182 modo

164 4224 312 4302 verbum
344 4229 538 4328 τατερῖζεςν
571 4251 623 4304 rs.
644 4229 739 4318 652,
769 4217 794 4304 6
825 4221 935 4323 πάτερ
949 4271 991 4284 -
1002 4223 1052 4318 μῖρ
1076 4223 1239 4322 πατέριζε
1261 4221 1321 4316 (mi

164 4335 285 4442 pater!
317 4381 360 4402 -
392 4339 474 4446 qaid
495 4337 541 4416 mi
560 4337 686 4444 pater?
733 4336 913 4416 Terentius
954 4334 1059 4414 Andr.
1083 4337 1130 4413 V.
1155 4337 1198 4427 3,
1227 4335 1321 4430 18)ρ

168 4465 203 4526 et
225 4451 411 4554 ταττῖζω
433 4477 484 4532 τε.
509 4454 593 4530 609.
1131 4560 1175 4634 13
