3002 5116
544 408 600 468 ru
648 411 885 479 scurrus.
1229 397 1298 473 109

192 599 257 676 vs.
283 595 364 674 854.
418 597 581 696 Legitur:
768 693 770 700 y

576 729 641 804 οιίν
667 726 832 827 νἰλφίτυν
859 726 903 808 dcv
924 729 1165 830 καταλάβοιεν
1193 734 1298 831 ἡμῶν·

144 882 185 942 ut
220 864 369 966 dactylus
405 877 516 939 teneat
548 867 699 968 quintam
740 871 896 944 carminis
931 871 1068 963 sedem,
1110 873 1200 974 quod
1232 903 1299 950 nou

146 977 281 1056 videtur
313 975 487 1052 admisisse
522 1006 588 1054 ors.
638 983 734 1058 Scire
768 983 896 1076 velim,
934 1012 976 1059 uu
1002 971 1106 1062 oodel
1137 987 1201 1081 sit,
1239 989 1298 1089 qui

148 1091 235 1167 hauc
255 1091 433 1166 lectionem
458 1093 651 1168 confirmet:

578 1227 644 1302 τοίν
667 1222 827 1322 ἀλφίτων
851 1227 933 1301 νοντ’
957 1221 1000 1304 ἃν
1022 1222 1168 1326 λοίβοιεν
1193 1229 1295 1326 ιίμῶν·

148 1362 336 1468 cujusmodi
359 1363 475 1438 tmesis
498 1377 533 1438 et
557 1378 608 1438 est
630 1366 665 1440 iu
689 1369 772 1467 Lys.
798 1370 872 1444 262
897 1395 948 1470 sq.

472 1508 568 1586 νιοιτλι
590 1509 655 1606 μὲν
682 1508 783 1610 ίίγιον
808 1512 907 1612 ἔχειν
929 1513 1079 1612 βρίτοιο,
1208 1503 1212 1510 ’

472 1619 569 1699 ιονιτοί
592 1631 627 1699 τ’
653 1621 838 1723 deplorato
862 1624 954 1726 ίμίιν
977 1629 1112 1727 λοιβείν.

146 1776 181 1840 et
204 1764 241 1838 iu
263 1765 351 1840 Rau.
378 1761 491 1854 1045,

291 1885 382 1967 dere
407 1887 602 1990 γοιιοιῦτίν
627 1918 669 1967 οι
694 1893 776 1968 νοντ’
802 1888 859 1970 οὖν
884 1893 1025 1993 ἕβολον.

147 2031 221 2110 Nec
245 2031 283 2104 iu
306 2031 380 2106 aliis
404 2059 424 2106 a
447 2031 546 2106 tmesi
572 2029 748 2105 abhorruit
773 2033 902 2108 Comici
924 2035 1032 2112 stilus.

194 2245 259 2321 Vs.
283 2245 366 2320 864.
416 2245 486 2319 Pro
517 2245 629 2345 prisca
664 2244 806 2319 lectione
839 2245 974 2342 ον’ίιουνι
999 2216 1172 2345 ¹scriptum
1210 2272 1298 2322 nuuc

149 2371 200 2433 est
223 2361 366 2457 οιίροῦοι.
414 2357 499 2451 Quis
521 2357 605 2450 scit,
629 2385 672 2432 uu
696 2359 800 2456 οιίρειν
825 2359 1031 2459 piscatorum
1055 2359 1201 2434 verbum
1219 2359 1299 2436 fue-

10 2485 11 2488 ’
147 2469 210 2545 rit:
245 2471 347 2570 ον’ίρειν
383 2472 424 2548 rl
460 2469 597 2551 δίκτυον
633 2473 690 2547 vel
723 2475 763 2550 rt
787 2478 887 2553 λίνον.
938 2473 1138 2550 scholiastes
1157 2474 1296 2578 quidem

146 2583 257 2660 reddit
281 2586 447 2688 ιἰγοείειν·
484 2586 616 2662 edacem
646 2587 785 2662 Plautus
809 2587 893 2662 dixit
916 2589 1021 2664 Truc.
1048 2592 1078 2666 l.
1107 2591 1139 2667 l.
1168 2592 1225 2668 18.

193 2809 256 2886 vs.
274 2811 358 2888 874.
406 2812 498 2896 Todc
525 2810 742 2910 κινουμένους
766 2809 870 2884 Cleon
901 2808 982 2883 dicit
1013 2807 1203 2908 seditiosos,
1236 2821 1297 2918 qui

142 2945 217 2996 sese
253 2922 289 2995 iu
325 2927 497 3025 republica
531 2940 668 3001 movent
708 2952 748 3000 ac
778 2925 894 2998 turbas
929 2923 1067 3002 faciunt.
1127 2926 1228 3020 Quod
1259 2931 1296 3004 iu

10 3029 11 3122 J
142 3035 344 3109 obscoenum
362 3064 499 3113 sensum
517 3036 657 3113 detorsit
672 3041 906 3139 Agorlcritus,
922 3034 973 3110 de
997 3035 1040 3111 iis
1065 3035 1212 3132 dictum,
1236 3043 1296 3142 qui

10 3197 11 3260 }
143 3147 321 3225 muliebria
346 3153 528 3252 patiuntur.
566 3150 661 3227 Nihil
684 3151 813 3250 magis,
835 3176 939 3249 quam
963 3149 1052 3224 huuc
1075 3152 1110 3224 iu
1135 3154 1295 3254 ambiguo

143 3260 255 3336 lusum
291 3265 447 3340 Comicus
479 3266 627 3362 amovit,
661 3265 719 3366 qui
754 3277 842 3338 totus
864 3265 974 3370 perit,
1006 3265 1177 3343 sieMS.
1201 3267 1294 3368 leges

146 3375 377 3473 βινουμένους.

194 3587 256 3660 Vs.
280 3588 363 3664 889.
406 3582 532 3685 ”Οζων.
579 3584 717 3660 Mireris
742 3583 929 3685 Populum,
963 3585 1021 3684 qui
1045 3612 1133 3662 nuuc
1156 3587 1292 3667 demum

142 3697 284 3798 byrsam
304 3700 452 3800 pessime
468 3699 613 3772 olentem
631 3697 793 3772 Cleonem
815 3696 994 3789 odoretur,
1013 3699 1148 3798 quicum
1159 3702 1294 3801 jamdiu

10 3867 11 3910 p
142 3811 350 3911 colloquitur.
400 3814 527 3885 Veram
552 3809 732 3883 lectionem
759 3807 922 3900 credam,
947 3809 976 3882 si
1001 3809 1105 3885 codex
1129 3815 1204 3893 MS.
1229 3816 1294 3893 hu·

142 3923 250 4042 beot,¹
275 3926 363 4024 ίίζυν·
395 3921 473 3999 βίου’
498 3923 573 3998 hinc
595 3924 630 3998 in
654 3923 773 3998 malum
797 3949 890 4015 rem,
919 3924 978 4024 qui
1000 3924 1089 4000 istud
1113 3928 1294 4024 miserm,

10 4027 11 4120 i
138 4035 276 4142 persium
299 4037 424 4112 corium
448 4035 545 4114 οίινιι.

185 4236 248 4314 Vs.
273 4235 357 4342 9lss.
406 4238 463 4312 Sic
487 4237 581 4337 lego:

291 4358 372 4458 οὶνὶιρ
398 4359 585 4478 πυφλᾷζιι
614 4402 644 4415 -
677 4371 791 4463 παῦε,
816 4374 918 4463 ποῦ’,
935 4409 976 4425 -

291 4475 475 4580 trepidos.
