3002 5116
425 348 436 396 l
559 369 911 430 ‘Internum-‘w
1219 353 1294 432 221

134 609 138 616 -
132 567 261 644 ..Vs
281 567 422 672 ttsq.
457 562 577 644 aesta
609 563 717 668 diri,
757 585 826 638 uon
861 557 972 649 daed,
1005 553 1297 660 <leodonium

142 678 362 774 dixerit,ex
394 660 491 758 Ionia
517 707 591 756 esse
615 692 781 756 censetur.
832 677 924 754 Cur
920 675 1033 778 ipim
1056 673 1300 764 ἆττννότατνν

143 793 290 867 verbum
321 795 432 894 posuit
467 795 676 886 αἰνίττεται,
721 816 788 864 non
817 789 1029 896 diriorem,
1072 788 1163 889 quod
1208 790 1299 897 apud

134 895 355 980 Herodotum
375 905 472 983 estl.
495 908 540 985 V.
566 889 656 996 56,
672 927 789 1004 aeque
821 901 878 976 hio
910 895 1160 1004 reponendum,
1197 912 1298 1014 atque

137 1016 307 1105 ’νάαιδέας
328 1045 393 1126 pro
416 1019 570 1104 aradae.
622 1017 766 1096 Tum
739 1041 788 1090 ιιι
811 1013 896 1088 haec
920 1011 1080 1114 legenda
1085 1015 1282 1147 ridentur:

14 1117 141 1260 l
294 1168 469 1256 δοκέω
493 1173 636 1276 ptv,'
607 1205 653 1259 ere
677 1143 817 1253 Κλέωνα
840 1148 940 1250 τοῦτ’
965 1173 1170 1252 αἰνίττεται.

305 1373 310 1384 .
367 1305 410 1391 ele
436 1312 539 1392 νεΐννι
563 1304 680 1386 αἰνανδέ
679 1336 722 1390 oe
747 1281 1001 1400 sparsorium
1025 1301 1130 1388 ἐσθίεν
1153 1338 1199 1356 -
1232 1342 1273 1402 χ

14 1555 15 1588 p
136 1493 194 1566 'ita
213 1463 452 1592 mtellipenda,
475 1505 533 1586 ut,
565 1491 655 1592 quod
679 1515 721 1566 ex
746 1459 841 1567 Ionia
863 1489 979 1566 ille
944 1515 1001 1579 ιιι
1026 1485 1154 1564 dictum
1176 1483 1300 1566 volue-

142 1604 214 1697 rit,
235 1596 279 1679 'id
312 1629 417 1682 rema
449 1631 515 1678 non
547 1616 656 1678 totum
691 1604 888 1704 eloquatur3
924 1599 1015 1676 aliud
1038 1599 1298 1702 attagenem

14 1723 15 1806 ἶ
139 1715 281 1800 interim
314 1715 528 1812 reeordatus3
562 1730 636 1789 tum
670 1728 708 1789 ut
739 1720 845 1800 κεῖναι
877 1715 1074 1793 scarabaeus
1106 1716 1161 1792 sit.
1208 1717 1299 1796 Nam

14 1863 15 1868 ¹
140 1825 357 1906 Cleonem
329 1827 541 1923 edixisset,
565 1853 750 1929 pronomen
776 1829 942 1930 posuisset
964 1823 1087 1919 οὗτος,
1117 1854 1184 1902 non
1207 1825 1300 1906 ἐκεῖ·

14 1949 15 1954 ’
141 1971 210 2025 roe.
259 1943 317 2017 Sio
349 1940 486 2040 quidem
520 1957 556 2018 et
587 1941 839 2017 incommodum
874 1941 1030 2034 tolletur,
1062 1933 1140 2018 inde
1164 1954 1299 2033 ortum,

141 2053 235 2157 quod
255 2051 299 2128 de
322 2053 475 2146 Cleone,
500 2055 559 2156 qui
578 2057 652 2183 jam
679 2069 829 2130 mortuus
861 2070 967 2148 esset,
1006 2055 1073 2130 dici
1097 2082 1164 2130 non
1187 2054 1299 2156 potuit

142 2168 259 2250 tetta·
304 2192 368 2270 pro
414 2193 482 2268 quo
526 2165 634 2242 hac
623 2194 697 2269 apsa
730 2193 829 2250 cause
863 2167 1056 2262 Brunckius
1073 2167 1160 2268 legi
1190 2167 1300 2243 voluit

146 2283 278 2380 ἤτθιεν,
309 2279 500 2355 Palmerius
534 2277 652 2358 ἕτθνεν.
702 2279 812 2380 Atque
837 2278 901 2355 hoc
923 2277 1009 2356 vidit
1026 2281 1103 2380 jam
1126 2278 1298 2356 Hotibius.

145 2396 241 2471 Tum
262 2394 498 2491 Demagogum
525 2390 645 2467 merda
674 2390 767 2468 vesci
790 2390 946 2483 solitum,
974 2393 1050 2492 quis
1074 2417 1221 2492 unquam
1240 2390 1303 2468 vel

146 2504 422 2581 insolentissimus
439 2503 597 2579 Comicus
613 2504 763 2581 dixerit?
788 2497 863 2605 quis
887 2502 922 2577 id
948 2505 1072 2581 efferre
1093 2531 1212 2580 ausum
1230 2501 1298 2578 ιιόιι

145 2632 317 2696 aversatus
340 2617 443 2690 fuerit
467 2631 618 2718 spectans
641 2617 699 2692 rel
720 2617 811 2690 fricti
835 2618 954 2692 ciceris
974 2631 1031 2692 aut
1049 2619 1142 2694 nucis
1161 2619 1296 2694 emtor?

141 2735 258 2810 wImmo
287 2729 370 2804 haec
401 2727 513 2804 dicere
545 2757 587 2804 ex
614 2731 709 2804 Ionia
732 2726 901 2829 hospitem
924 2728 1068 2804 famulus
1093 2744 1229 2804 censet:
1263 2727 1301 2802 ni

138 2841 267 2944 fallor,
298 2837 334 2918 in.
369 2838 520 2924 Cleonem
554 2839 615 2914 los
637 2838 747 2942 jactat
772 2838 944 2941 'ardoges
996 2839 1042 2918 Ut
1071 2841 1129 2916 iste
1165 2844 1297 2941 (scara-

144 2953 269 3050 baeus)
305 2953 447 3060 improbe
479 2954 624 3028 modam
655 2953 792 3028 coneedit
811 2998 854 3016 -
875 2999 916 3012 -
953 2951 1158 3030 Additurusr
1188 2955 1237 3028 sic
1261 2968 1298 3032 et

146 3067 254 3146 Cleon
297 3067 393 3146 vivus
435 3095 475 3142 ea
512 3068 681 3158 faciebat,
723 3093 811 3166 quae
849 3066 1010 3164 faciebet3
1057 3067 1176 3145 maluit
1213 3065 1298 3164 haep

146 3179 391 3280 spectatoribus
415 3179 599 3282 supplenda
623 3181 831 3284 relinquere:
862 3206 950 3280 quae
968 3178 1208 3288 verosimiliter
1232 3206 1298 3282 pe-

146 3289 246 3368 tenda
281 3287 420 3368 fuerunt
454 3319 497 3368 ex
531 3292 637 3366 alteru
673 3291 912 3398 significatione
943 3292 1087 3391 nominis
1106 3297 1296 3395 emerim,

149 3431 218 3506 qua
250 3409 301 3488 ele
332 3410 441 3516 erepla
477 3414 646 3506 ξότματα
684 3419 762 3480 sunt
795 3407 844 3486 ele
873 3381 1118 3507 {olimpum
1137 3414 1204 3510 dart
1230 3412 1299 3498 edu

14 3581 15 3616 ι
149 3517 319 3596 σκυτέων·
349 3505 438 3591 uude
472 3533 506 3594 et
529 3520 565 3592 in
588 3515 722 3592 scholiis
746 3514 789 3592 ad
823 3514 910 3592 hunc
932 3517 1045 3592 locum
1068 3515 1220 3678 hujus
1191 3503 1300 3620 signi

14 3619 15 3624 ¹
148 3629 265 3704 ficatus
287 3629 414 3704 mentio
433 3630 532 3706 lacta.
630 3642 633 3650 “

196 3889 259 3962 Vs.
288 3886 347 3964 67.
396 3888 511 3964 Dietio
531 3885 643 3968 ἐνθαδί
663 3887 826 3961 nimium
821 3902 991 3988 qrrantum
1011 3887 1125 3989 friget.
1176 3889 1297 3992 Scrip-

150 4009 223 4072 tum
246 3997 418 4093 dedit,
380 4022 421 4075 m
444 4001 568 4095 fallor,
590 3999 765 4075 Comicus:

518 4157 656 4255 ἔφασκε
678 4157 751 4259 γαρ
776 4155 857 4255 xple
882 4159 1030 4238 edelr
1010 4190 1053 4238 αν
1081 4159 1175 4240 redi

151 4302 305 4426 ἔφαινεν
338 4329 399 4425 ἄν,
433 4303 603 4406 identidem
634 4329 738 4404 dicem
774 4327 905 4408 solebat.
952 4329 1021 4407 Sic
1046 4347 1097 4408 est
1125 4359 1178 4408 rs
1209 4336 1300 4424 213,

152 4441 271 4543 ἔλεγον
308 4441 351 4528 ἂν
384 4441 477 4524 ταδί.
528 4443 690 4546 Similiter
716 4455 762 4520 et
793 4442 847 4518 in
860 4447 946 4526 Rau.
968 4448 1040 4529 865
1074 4471 1140 4546 pro
1159 4443 1300 4540 ἐνθάδε,

1113 4573 1159 4646 16
