2948 5114
492 371 543 424 ru
575 369 946 426 nusrsrnaran.
1259 355 1284 430 ⁵

135 565 214 647 adr.
265 565 337 642 Nec
360 577 412 638 est
435 564 472 638 in
498 564 621 642 Suidae
644 563 792 660 ψῆττα,
824 565 883 666 qui
908 565 1009 666 legit:
1039 564 1111 667 tyn
1146 565 1188 646 dl
1218 567 1284 648 κδν

136 683 199 758 dc.
237 676 304 780 (uti
337 677 478 752 carmini
506 678 634 778 syllaba
670 675 782 773 deest)
818 706 881 754 nec
904 679 1059 752 inlibris
1084 682 1183 756 MSS.
1211 689 1284 757 esse

136 805 233 978 ΕΞ.
246 791 356 982 θῐξὶοο
385 815 517 894 quoque
542 819 679 868 carmen
703 820 723 866 e
747 793 945 868 melioribus
969 792 1139 870 codicibus
1164 822 1286 870 sanan-

189 1119 254 1197 Vs.
282 1117 364 1194 119.
412 1115 513 1195 MSS.
547 1115 624 1196 edd.
662 1122 700 1208 ω’
732 1117 787 1198 δεῖ
811 1115 896 1219 γάρ·
933 1117 993 1194 ubi
1025 1145 1090 1193 non
1123 1122 1286 1222 scriptum

142 1230 299 1321 mireris,
329 1233 367 1304 ot
388 1229 461 1330 ¹qu
487 1228 548 1309 δεῖ.
598 1233 768 1306 Numnam
801 1231 873 1332 γάρ
900 1260 919 1305 a
944 1244 1132 1306 correctore
1153 1247 1285 1324 ortum,

144 1343 269 1442 scripto
299 1369 319 1416 a
344 1342 501 1418 Comico:
542 1343 634 1423 οὐδὲν
669 1342 728 1422 δεῖ·
760 1342 850 1444 quod
880 1369 943 1445 pro
980 1348 1017 1420 οὐ
1055 1342 1110 1424 δεῖ
1137 1343 1286 1438 dictum,

142 1456 351 1553 abundante,
388 1468 427 1529 ut
460 1483 585 1560 saepe,
622 1457 697 1548 δεν,
734 1456 812 1532 dein
848 1461 897 1533 sic
929 1459 1094 1560 scriptum
1121 1465 1173 1552 (od
1195 1460 1287 1554 δεῖ),

139 1583 311 1671 postremo
341 1583 510 1645 comector
539 1572 706 1673 supplerit
740 1576 792 1664 (οὐ
815 1572 869 1652 δεῖ
888 1567 985 1670 γάρ).
1036 1574 1150 1645 Potest
1183 1585 1218 1646 et
1240 1572 1289 1644 li-

137 1682 295 1776 brarius,
328 1709 405 1757 cum
431 1711 451 1756 a
474 1684 592 1759 vocula
628 1683 682 1764 δεν
717 1685 804 1759 oculi
843 1683 886 1759 ad
916 1683 971 1764 δεῖ
989 1681 1131 1758 traducti
1153 1697 1288 1779 essent,

139 1789 249 1894 (qnod
272 1818 313 1867 eo
341 1793 471 1868 facilius
504 1794 580 1868 fieri
615 1795 748 1896 potuit,
781 1795 871 1896 quod
906 1794 1001 1874 οὐδέν
1036 1791 1164 1868 dictum
1200 1808 1290 1870 esset

14 1909 18 1924 '
139 1931 206 2006 pro
241 1908 302 1999 ου’)
332 1904 563 1982 animadverso
600 1933 740 1998 errore,
775 1933 862 2008 quae
894 1907 1035 1982 carmini
1068 1909 1117 1981 sic
1148 1905 1290 2000 deerat,

142 2013 307 2124 syllabam
340 2020 524 2097 reddidisse
553 2022 704 2122 scripto,
739 2028 777 2098 οὐ
812 2023 867 2102 δεῖ
890 2021 972 2124 γάρ.
1023 2024 1114 2098 Huic
1150 2022 1291 2126 quidem

143 2134 292 2234 opinioni
329 2131 464 2234 aliquod
503 2148 714 2208 momentum
750 2133 843 2209 addit
876 2137 994 2214 vocula
1027 2133 1099 2234 γάρ
1131 2135 1289 2208 inlibris

144 2260 220 2347 post
256 2247 329 2338 δεΐ,’
355 2243 415 2316 ubi
451 2258 598 2318 metrum
634 2271 700 2316 non
732 2246 900 2344 postulat,
946 2246 1127 2320 insolenter
1168 2247 1288 2346 posita.

146 2357 328 2456 Eleganter
368 2356 472 2455 μηδέν
505 2383 568 2456 pro
605 2355 654 2456 μή
685 2357 843 2431 Comicus
876 2356 961 2432 dixit
992 2357 1028 2429 in
1062 2357 1144 2456 Lys.
1174 2358 1290 2450 1172,

146 2465 253 2566 μηδὲν
287 2468 461 2569 διαφέρου·
510 2470 600 2546 Plut.
632 2457 728 2562 572,
763 2469 868 2569 μηδδν
903 2477 1016 2568 ταύτῃ
1047 2499 1092 2572 γε
1124 2473 1290 2572 κομήσῃς.

142 2581 313 2682 Euripidis
336 2597 391 2670 est,
410 2582 553 2660 Medeae
583 2609 633 2660 vs.
658 2585 755 2675 284,

213 2825 220 2832 ι
267 2691 407 2806 δέδοιεά
431 2734 479 2812 δ’·
505 2718 599 2805 οὐδὲν
617 2718 679 2803 ’δεῖ
694 2725 947 2826 παραμπέχειε
971 2723 1109 2824 λόγους.

142 2865 349 2944 Plura'dedi
375 2866 417 2942 ad
440 2865 555 2954 Andr.
573 2867 633 2944 87.

193 3067 255 3160 Vs.
284 3068 365 3146 136.
415 3069 522 3167 Κῖιγδι
543 3069 721 3166 βούλομαι
747 3062 806 3142 lat
831 3074 892 3142 τοῦ
916 3065 1029 3165 πυρός.
1068 3064 1163 3138 Haec
1184 3064 1291 3140 rerba

144 3179 361 3279 Myrrhinae,
385 3209 450 3257 non
469 3184 643 3282 Lampitus
668 3179 816 3280 partium
835 3178 962 3274 fnisse,
986 3193 1019 3252 et
1043 3177 1161 3252 atticus
1179 3203 1291 3254 sermo

147 3289 267 3386 docet,
299 3308 333 3368 et
363 3293 477 3370 decori
500 3296 611 3387 ratio,
637 3307 671 3368 et
699 3317 750 3367 vs.
778 3292 849 3366 140
872 3315 945 3391 sqq.
994 3288 1092 3366 Idem
1109 3293 1183 3390 jam
1205 3289 1291 3366 vidit

143 3404 339 3505 ‚Bentlejus,
364 3408 418 3480 cui
441 3421 554 3482 tamen
576 3404 684 3482 adhuc
707 3430 773 3478 non
798 3401 984 3478 obeditum.

196 3620 258 3698 Vs.
285 3618 367 3695 174.
405 3618 645 3716 .0bservanda
667 3621 702 3692 in
727 3616 878 3720 ejusdem
902 3616 1053 3693 mulieris
1077 3619 1233 3692 sermone
1255 3616 1291 3689 in

145 3753 212 3805 uno
235 3731 387 3806 carmine
411 3731 615 3832 synaloepha
640 3731 823 3831 τᾶργῦριον
848 3745 883 3806 et
906 3731 1103 3830 τῶβυσσον.

143 4027 147 4038 ,
191 3960 254 4033 Vs.
284 3961 364 4037 185.
412 3960 490 4036 Non
520 3985 641 4034 revera
673 3961 804 4058 jussam
836 3955 988 4030 ancillam
1018 3955 1207 4056 Lysistrata
1230 3980 1294 4030 vo·

144 4069 210 4144 luit
251 4069 408 4172 clypeum
443 4097 483 4146 ac
515 4075 623 4167 τίμια
654 4071 789 4146 efferre.
840 4068 1010 4168 Clypeum
1055 4065 1138 4142 dicit
1185 4067 1294 4142 faceta

145 4183 295 4277 mulier,
331 4185 391 4285 qui
415 4211 493 4260 mox
517 4185 696 4276 efferetur,
731 4184 894 4273 calicem,
931 4182 1061 4278 τόμια,
1099 4180 1159 4280 qni
1193 4179 1295 4254 simul

147 4295 277 4390 aderit,
312 4298 381 4370 vini
412 4325 565 4376 urceum.
587 4295 589 4299 ’
615 4301 683 4372 Per
707 4296 867 4396 ambages
891 4321 932 4370 eo
956 4295 1010 4368 hic
1034 4292 1204 4395 loquitur,
1228 4319 1296 4393 quo

148 4410 240 4497 loon
263 4409 363 4492 demr
386 4411 473 4488 lusui
496 4411 540 4490 de
560 4411 728 4512 Aeschylo
748 4424 848 4512 atque
872 4409 948 4484 albo
971 4432 1068 4508 equo.
1182 4457 1184 4462 ·
