3002 5116
216 389 285 464 108
558 413 1003 476 onsnavn'rronas

212 629 344 703 Vitium
369 631 418 705 sic
441 633 589 710 removit
614 635 826 710 Brunckius:

356 756 417 838 tat
441 765 534 838 ταῖσι
558 760 710 860 πέτραις.

211 901 330 976 Potest
353 903 511 979 Comicus
532 906 721 1005 scripsisse:

356 1031 416 1112 tat
437 1031 559 1111 ταῖσδε
584 1035 738 1130 τέτραιι.

212 1170 274 1246 Sin
304 1201 380 1249 cum
411 1175 564 1277 Bentlejo
595 1175 731 1267 credas,
767 1187 804 1247 ut
825 1175 860 1247 in
883 1199 935 1252 vs.
956 1172 1049 1268 751,
1074 1174 1360 1275 praepositionem

212 1311 290 1358 eum
334 1286 482 1387 genitivo
524 1314 601 1362 casu
646 1287 900 1364 construendam
944 1315 1041 1384 esse,
1085 1288 1265 1390 legendum
1301 1291 1363 1366 hic
1412 1301 1417 1308 '

213 1399 300 1481 erit:

213 1593 219 1607 .
316 1559 321 1570 ·
352 1527 413 1608 tar
442 1529 550 1624 τῖτδο
576 1531 715 1634 πέτραι.

261 1761 324 1839 Vs.
348 1759 434 1839 781.
486 1760 718 1860 Ῥαψῖραονοι.
753 1765 821 1840 Hic
842 1788 976 1864 quoque
998 1761 1110 1838 media
1130 1762 1228 1840 verbi
1249 1713 1364 1838 forma

208 1871 312 1948 index
339 1872 454 1966 adest,
484 1875 654 1952 hominem
683 1878 829 1972 dixisse,
860 1878 1017 1978 pulvinar
1045 1903 1117 1952 sese
1149 1902 1215 1949 non
1247 1876 1363 1976 ipsum

206 1987 399 2079 consuisse,
435 1985 495 2064 sed
528 1988 751 2066 consuendum
776 2016 920 2068 curasse.
970 1991 1027 2066 Sic
1048 2002 1082 2064 et
1106 1987 1362 2088 intelligendum

208 2098 354 2174 verbum
393 2101 637 2202 ναυτνγοῖοθαι
670 2128 720 2180 vs.
753 2106 848 2197 913,
885 2103 1053 2183 ποιεῖσθαι
1091 2103 1232 2183 Thesm.
1274 2104 1358 2180 425.

207 2212 289 2291 Pac.
319 2216 391 2308 69,
427 2213 604 2316 βάψομαι
626 2218 709 2316 Lys.
729 2219 789 2295 51.

226 2483 228 2490 v
256 2449 319 2522 Vs.
340 2447 424 2522 802.
474 2447 543 2521 Pro
578 2446 607 2523 οῖ
639 2443 753 2541 lingua
784 2444 853 2543 legi
879 2446 952 2522 vult
984 2448 1034 2540 ῖίν·
1062 2443 1099 2542 ἢν
1120 2483 1160 2498 ··
1186 2445 1355 2547 διατρίψῃ

207 2601 250 2620 ·-
272 2555 488 2656 ἀναθαρρήσῃ
517 2602 558 2615 -
581 2555 677 2654 ἔλθῃ.

253 2789 317 2864 vs.
339 2789 423 2866 818.
472 2790 603 2864 Veram
634 2786 811 2862 lectionem
842 2784 982 2861 Kusteri
1013 2785 1084 2886 jam
1119 2785 1290 2861 revocavit
1323 2801 1361 2862 et
1497 2825 1498 2828 ¹

204 2901 349 3002 Bentleji
379 2903 573 3002 ingenium,
606 2911 694 2982 παῦ’
725 2904 861 2982 odensi.
907 2899 1018 3000 Saepe
1048 2900 1097 2972 sic
1120 2898 1222 2974 dictio
1236 2900 1360 2987 ὀὕτως
1496 2923 1497 2982 3

205 3012 262 3085 alii
291 3013 398 3088 verbo
423 3014 489 3089 alio
521 3042 619 3090 sensu
648 3013 786 3093 addita.¹
820 3013 920 3088 Iocis
953 3011 995 3086 ad
1018 3014 1124 3112 Vesp.
1149 3014 1221 3089 634
1249 3015 1359 3090 citatis

204 3125 290 3202 haec
318 3155 407 3202 nunc
436 3127 521 3204 adde
557 3129 704 3204 Platonis
738 3157 758 3204 e
793 3128 953 3228 Sympos.
985 3155 1021 3226 p.
1046 3127 1133 3221 177,
1161 3131 1231 3222 18,
1265 3129 1357 3206 οὕτω
1495 3135 1496 3146 ’

205 3244 362 3326 πῖνονται
394 3243 476 3341 πρὸς
514 3242 637 3337 ἡδονήν·
670 3245 705 3317 in
735 3239 892 3318 Phaedro
926 3265 964 3339 p.
988 3241 1080 3331 198,
1107 3242 1176 3329 31,
1204 3252 1256 3320 νῦν
1293 3247 1356 3338 μὲν
1494 3323 1495 3358 ρ

203 3347 315 3436 ὀὕτως
343 3357 404 3433 οὖν
430 3358 506 3458 ἔχω
535 3359 650 3436 εἰπεῖν.
680 3351 717 3428 ut
742 3356 778 3428 in
801 3355 824 3429 t
845 3357 895 3429 II.
920 3351 962 3424 de
991 3379 1066 3451 rep.
1101 3379 1139 3452 p.
1162 3355 1259 3448 390,
1281 3359 1354 3450 30,
1427 3369 1434 3380 “

173 3513 174 3516 ¹
206 3471 267 3545 οὐκ
284 3469 360 3570 ἔχοι
383 3477 440 3562 νῖν
457 3497 502 3569 γε
523 3470 628 3554 οὕτως
652 3470 767 3549 εἰπεῖν.
803 3465 876 3544 Ubi
901 3461 1037 3562 quidem
1058 3463 1164 3548 otta.
1188 3467 1260 3541 fere
1280 3483 1352 3563 ost,
1493 3508 1494 3523 ι

205 3579 295 3679 quod
326 3582 406 3657 alias
429 3583 501 3662 dari
530 3585 735 3678 οτῖροατοι.’
769 3581 845 3654 Hoc
867 3578 940 3651 loco
972 3577 1117 3677 imperio
1143 3579 1213 3652 vim
1242 3579 1354 3658 addit:
1492 3677 1493 3680 ρ

205 3702 293 3786 tace,
313 3721 370 3768 nec
399 3694 529 3770 νιτόαιιι
560 3695 736 3772 addideris.
786 3695 876 3769 Nem
900 3704 937 3763 ut
963 3691 999 3763 in
1021 3691 1118 3764 libris
1147 3691 1230 3766 haec
1256 3707 1358 3786 sunt,

205 3817 290 3886 παῦ’
322 3809 452 3887 οῖτοοῖ·
483 3826 618 3912 praeter
647 3822 820 3909 corruptos
849 3833 1028 3899 numeros,
1059 3831 1125 3878 non
1147 3805 1272 3898 credo,
1294 3833 1359 3880 us-
1491 3839 1492 3844 ¹

206 3944 309 4020 quam
334 3923 382 3998 sic
412 3919 512 4009 οὗτοι
540 3951 632 4021 esse,
665 3923 725 3996 uhi
750 3921 948 4021 imperatur.

253 4144 316 4218 Vs.
341 4145 426 4220 823.
475 4101 642 4245 aitpoeta
677 4151 794 4248 χεροῖν
825 4146 925 4223 MSS.
941 4161 944 4166 “
960 4143 1035 4244 edd.
1067 4143 1157 4246 quod
1182 4147 1230 4220 sic
1245 4171 1359 4220 'sana-
1489 4135 1490 4175 i

80 4271 82 4277 ’
121 4309 123 4324 .
159 4351 160 4358 ¹
204 4268 296 4330 tum:
332 4263 490 4357 adjectivit
516 4265 657 4359 χειροῖν·
682 4286 768 4361 quae
794 4258 946 4334 cothurni
970 4259 1100 4358 magis,
1135 4285 1240 4360 quam
1265 4260 1355 4332 socci

203 4369 350 4442 nominis
393 4371 502 4446 forma
537 4385 598 4449 est.
656 4371 855 4472 Legendum
896 4369 1051 4448 videtur:
1100 4372 1257 4473 κάμφοῖν
1304 4401 1352 4473 γε
1487 4399 1488 4416 ³

204 4489 334 4584 χεροῖν·
358 4491 455 4590 atque
476 4482 630 4561 ambabus
650 4487 734 4563 odeo
758 4485 914 4565 manthos.
