3002 5116
215 355 265 434 90
572 371 1006 428 oassrvausouus

219 571 294 646 Act.
319 567 370 642 11.
394 589 440 641 sc.
465 563 513 656 3,
536 587 588 641 rs.
612 566 674 642 78.
722 567 773 640 lle
806 565 935 658 nescio,
970 589 1013 638 au
1050 561 1195 636 Homeri
1220 557 1306 632 illud
1331 559 1374 636 de

219 679 379 758 Thersite
402 676 551 770 dictum,
574 703 679 778 quum
704 677 748 750 ab
763 679 890 778 Ulysse
913 692 1047 780 sceptro
1067 699 1250 777 percussus
1271 689 1374 765 esset,
1471 783 1472 794 1

219 792 287 872 huc
310 790 430 866 adduci
454 790 582 891 possit,
606 789 752 891 ε’κχρεΐσν
778 790 865 871 tter.

268 1009 329 1086 Vs.
347 1004 453 1083 1679.
490 1005 699 1104 Corruptum
727 1005 800 1081 sine
822 1003 925 1082 dubio
951 1009 1098 1086 verbum
1118 1006 1280 1109 βαδίζειν
1303 1034 1377 1081 cor-

219 1118 397 1223 rigendum
421 1112 570 1192 credidi:
1472 1147 1473 1150 ¹

343 1235 372 1312 el
397 1231 447 1331 ρκῖρ
468 1233 654 1330 βαταρὶζνν
677 1230 868 1332 γ’,,τ’όστερ
897 1238 936 1310 αἱ
959 1233 1150 1334 χελιδόνες.

218 1360 376 1435 Verbum
420 1359 645 1457 βατταρίζενν
676 1359 724 1433 sic
763 1373 813 1434 est
848 1361 883 1433 iu
915 1361 1032 1436 Diouis
1068 1361 1191 1463 Chrys.
1219 1367 1287 1440 Or.
1312 1362 1376 1439 Xl.
1473 1328 1474 1416 l

218 1503 255 1576 p.
284 1477 353 1550 158
377 1475 419 1551 B.
456 1479 489 1550 ol
522 1473 564 1552 δέ
594 1503 682 1556 τννεν
715 1477 824 1552 αὐτῶν
860 1475 1116 1574 βατταρῑζσνσν
1140 1479 1198 1552 καὶ
1226 1477 1377 1574 ἀσαφῶν

218 1589 394 1687 λέγουσιν·
414 1587 475 1661 ubi
499 1585 599 1682 vide,
623 1614 709 1687 quae
734 1587 867 1687 scripsit
891 1587 1064 1663 Morellus.
1110 1587 1255 1666 suidas:
1282 1593 1380 1688 βατ-

219 1702 389 1802 ταρὶζενν,
411 1702 515 1800 adyta
539 1706 671 1778 λαλεῖν.
706 1701 832 1776 Forma
856 1703 1080 1801 βατταρίζων,
1106 1728 1210 1802 quam
1227 1718 1380 1780 metrum

218 1813 276 1888 hic
300 1813 461 1912 requirit,
495 1810 647 1912 ejusdem
671 1815 746 1888 sere
767 1815 902 1913 generis
927 1815 1014 1906 erit,
1050 1829 1150 1915 atque
1175 1815 1379 1919 καχόζενν,

220 1927 414 2017 εἰν-λακεῖν,
435 1925 658 2020 τιθασευτήν,
677 1927 774 2004 aliae.
811 1925 930 2022 Quid?
954 1925 1045 2028 (prod
1068 1928 1179 2026 ipsam
1197 1929 1290 2006 hanc
1308 1930 1381 2003 sor·

219 2067 314 2116 mam
337 2037 530 2114 Eustathius
555 2040 704 2139 agnoscit
728 2039 771 2113 ad
796 2040 894 2118 Iliad.
924 2045 965 2118 B.
982 2069 1022 2141 p.
1046 2042 1137 2134 278,
1164 2045 1231 2136 17,
1251 2047 1298 2127 aie
1322 2042 1380 2118 κα)

220 2159 263 2236 τό
284 2157 499 2256 βαταρίζενν.
551 2159 605 2230 Ex
629 2154 775 2256 antiquis
800 2154 934 2230 scholiis
957 2155 1000 2230 ad
1024 2154 1113 2229 huuc
1146 2157 1261 2232 locum
1297 2155 1381 2230 haec

221 2273 325 2348 etiam
349 2297 438 2344 nunc
462 2284 660 2371 supersunt:
697 2269 788 2346 νόσω
815 2270 852 2348 δὲ
878 2271 964 2348 αὑτό
988 2279 1076 2369 φησι
1101 2271 1293 2371 βαρβάρως
1321 2271 1381 2346 καλ

221 2383 472 2483 δυσφρόσταν.
522 2383 686 2454 Ceterum
709 2379 774 2452 hoc
797 2384 905 2454 teneri
931 2385 1054 2476 velim,
1077 2398 1115 2456 ut
1137 2387 1174 2458 in
1199 2383 1381 2484 desperato
1475 2405 1476 2458 l

219 2497 293 2571 loco
317 2498 442 2570 luctam
467 2491 510 2565 de
533 2491 676 2563 lectione
702 2493 928 2586 conjecturam
953 2519 1037 2569 esse.
1073 2498 1126 2568 De
1151 2499 1179 2574 al
1201 2499 1252 2596 μὴ
1269 2525 1383 2597 ηε,

220 2589 310 2709 quod
334 2607 445 2684 aaa
471 2601 595 2697 aaa,
616 2599 695 2677 aaa
719 2599 763 2674 aa
788 2600 929 2677 These.
953 2605 1037 2684 aaa
1095 2689 1099 2700 ,

270 2825 335 2902 Vs.
360 2823 467 2900 1686.
516 2819 681 2918 Legitur:

418 2949 454 3032 ἓν
476 2949 587 3045 καιρόν
613 2943 681 3045 depe
704 2943 944 3034 κατεκόπησαν
970 2949 1091 3027 οὑτονό.

222 3082 356 3154 Verum
388 3091 422 3151 et
454 3077 489 3148 in
523 3074 621 3146 libris
655 3072 729 3145 fere
755 3084 806 3145 est
830 3074 923 3172 ἄρα,
959 3101 1023 3148 nec
1045 3100 1145 3175 posse
1167 3074 1216 3148 sic
1240 3071 1380 3151 videtur

216 3191 387 3294 ‘particula
410 3189 522 3290 prima
542 3187 671 3287 syllaba
694 3186 794 3284 louge
819 3214 904 3266 esse.
957 3191 1122 3292 Scripsit,
1147 3189 1269 3286 credo,
1306 3190 1378 3264 Co-

217 3326 352 3378 micus:

420 3412 456 3498 ἓν
480 3422 592 3513 καιρόν
619 3418 687 3514 ἄρα
709 3419 769 3494 καὶ
794 3420 1035 3509 κατεκόπησαν
1059 3420 1179 3500 atroci.

223 3545 341 3624 Facile
365 3545 423 3622 ael
447 3556 524 3618 ante
549 3573 617 3620 κατ
641 3544 797 3622 excidere
821 3547 941 3647 potuit.

274 3749 337 3826 Vs.
366 3751 471 3827 1689.
519 3747 635 3822 Placet
658 3774 742 3847 prae
767 3747 872 3824 altera
895 3746 1062 3822 librorum
1087 3746 1203 3824 lectio:

444 3878 559 3974 ὄστρῖν
582 3877 629 3953 σὺ
655 3876 760 3975 κρέας

227 4015 322 4099 λικε,
345 4003 530 4099 Hercules,
555 4031 669 4080 carnes
691 4003 808 4080 assu?

274 4197 336 4277 Vs.
365 4200 458 4278 1709
482 4225 534 4298 sq.
584 4201 760 4302 Leguntur
783 4199 867 4276 haec
891 4202 961 4278 sic:

351 4329 422 4408 οὔθ’
449 4325 568 4406 Ἡλίου
591 4331 765 4429 τηλαυγὲς
786 4329 932 4411 ἀκτίνων
955 4327 1064 4414 atrae

349 4449 500 4526 τοιοῦτον
525 4439 740 4542 ἐξέλαμψεν
