3002 5116
612 375 667 426 ru
701 370 892 425 recum.
1089 351 1092 358 ’
1255 357 1324 434 129

30 615 45 642 .
168 503 486 662 detuaselebuc,
508 560 1332 692 armc,dtp1e(cuda'r)dh‘r,qourtrrmroles,

170 675 310 777 gratu5
341 689 376 752 et
413 675 494 773 hacc
527 674 616 750 dora
648 676 769 778 campe.
810 673 982 751 Adferunt
1004 677 1164 776 Trygaeo
1181 678 1335 758 donaat
1426 745 1432 762 ,

167 789 224 865 de
248 791 315 862 suis
338 765 544 880 fabrilibus,
568 789 670 866 hicce
692 790 880 889 cadosque,
903 797 936 864 et
955 789 999 866 de
1018 791 1143 885 lucro,
1150 793 1273 892 quod
1258 818 1333 894 Jam

169 877 363 979 vendendis
385 902 502 980 rebus
499 901 644 998 fecere,
666 904 856 1005 pecuniam.

227 1104 291 1188 Vs.
318 1102 423 1228 1187.
472 1106 589 1180 Potest
619 1102 689 1178 et’
676 1132 712 1187 ορ
736 1103 883 1201 κόρακας
908 1101 1059 1177 absolute
1082 1100 1210 1176 dictum
1232 1127 1330 1178 csse:

301 1229 470 1331 ἀπόφερ’,
489 1231 644 1331 ἀπόφερ’
667 1275 710 1292 -
733 1228 769 1316 ἐν
793 1231 940 1330 νόραιιαο
958 1275 1003 1289 -
1025 1229 1098 1308 dart
1121 1234 1181 1323 σῆι
1206 1231 1325 1320 οἰκίαι·

181 1371 219 1433 nt
239 1359 323 1440 Ach.
346 1363 443 1458 829,
466 1361 571 1484 Vesp.
595 1361 690 1456 158,
716 1360 811 1482 alihi.

231 1562 295 1639 Vs.
318 1563 425 1641 1206.
475 1560 674 1660 legendum
693 1558 828 1640 ridetur
852 1529 971 1640 e‘MS.

168 1762 221 1812 :¹
302 1683 698 1790 cid’iyh’herfi-

167 1914 170 1924 ·
226 1877 286 1953 Vs.
313 1873 418 1952 1232.
472 1878 521 1952 Ol
544 1871 722 1964 ἔσιίιλινσοι
746 1874 886 1970 quinam
908 1867 1118 1973 intelligendi
1143 1873 1211 1946 sint
1225 1925 1239 1967 ,
1264 1894 1331 1980 uon

175 1991 225 2066 ita
248 2000 355 2090 patet.
407 1988 554 2062 Verumt
577 1985 795 2065 invitatorum.
833 1991 879 2063 At
901 1987 1036 2063 inritare
1060 1990 1194 2064 Graece
1213 1991 1329 2068 ιιαλεΐν

180 2115 255 2195 cst,
286 2127 353 2177 non
382 2098 569 2182 ἐπικαλεῖν·
604 2127 668 2175 nec
701 2101 760 2174 ubi
790 2101 889 2176 Pacis
914 2099 1041 2174 reditus
1064 2102 1152 2177 laeto
1175 2101 1330 2177 convivio

179 2215 392 2312 celebratur,
424 2214 637 2290 Lamachum
666 2215 802 2290 invitari
825 2241 890 2315 par
912 2215 988 2290 suia
1041 2218 1096 2294 An
1119 2213 1241 2298 παῖδες
1264 2223 1330 2290 τῶν

179 2328 369 2424 ἓσιιιλῆσιιν
398 2333 496 2432 pueri
520 2343 598 2405 sant
622 2357 664 2406 ex
687 2355 807 2404 eorum
833 2355 998 2422 nrunero,
1024 2329 1108 2428 qui,
1141 2355 1220 2404 cnm
1242 2351 1327 2404 vero

180 2444 313 2518 nornine
345 2443 523 2520 histriones
552 2469 626 2520 esse
653 2469 720 2518 non
739 2453 903 2542 possent,
938 2442 981 2518 ad
1005 2443 1171 2517 actionem
1194 2438 1331 2514 tabulae

176 2553 419 2636 ἐπεκαλοῦντο.
466 2560 510 2632 ln
531 2557 656 2634 Suidae
679 2553 817 2654 quidem
838 2554 947 2630 lexico
968 2568 1038 2648 est,
1075 2555 1284 2646 ἒσόιιλιρτον,
1310 2555 1328 2629 o‘

176 2666 238 2749 ἔναι’
255 2701 322 2749 σενι
344 2673 554 2766 modestos
576 2668 747 2748 ὑποθέσει.
772 2667 980 2760 ἐπίκλητοι,
1015 2669 1134 2760 diadar
1167 2668 1327 2767 ἐρχόμε-

177 2809 243 2862 νον.
293 2780 363 2873 Qui
392 2792 506 2855 tamen
530 2805 618 2880 quae
642 2779 844 2880 scriptorum
866 2779 940 2852 loca
964 2777 1098 2871 adfert,
1133 2805 1173 2852 ea
1198 2777 1241 2852 ad
1267 2803 1328 2850 oo-

176 2887 347 2966 moediam
383 2891 506 2967 referri
542 2920 609 2967 non
647 2905 795 2994 possunt.
845 2894 956 2991 Atque
980 2893 1029 2966 sic
1054 2905 1089 2966 et
1112 2890 1330 2994 participium

179 3005 385 3105 οὐρησόμενα
408 3005 515 3104 accipi
539 3005 663 3105 possit,
703 3018 742 3078 ut
770 3004 870 3106 pueri
901 3002 1075 3097 dicantrrr,
1096 3007 1132 3080 in
1156 3001 1330 3078 histrionia

178 3142 285 3217 mum
308 3116 456 3224 noudum
483 3115 622 3218 γόνιμοι
646 3129 780 3210 essent,
812 3114 1106 3216 prodiissetveluti
1131 3116 1241 3192 catelli
1269 3118 1330 3190 οὐ-
1483 3123 1487 3132 ’

180 3232 375 3334 ρησόριενοι,
421 3240 459 3303 ut
499 3229 537 3303 in
583 3226 755 3328 tragoedia
797 3228 862 3302 iste
907 3240 984 3328 sunt
1025 3229 1186 3323 κυνίδια,
1229 3226 1330 3321 drea}

179 3343 462 3445 προσουρήσαντα
484 3345 532 3442 ri
556 3340 739 3444 τραγῳδία
759 3342 795 3414 in
818 3343 905 3418 Rau.
930 3343 989 3418 95.

228 3557 293 3640 Vs.
317 3556 423 3636 1257.
469 3555 564 3634 Beue
585 3556 621 3632 in
643 3554 720 3636 MS.
746 3568 816 3631 est:

889 3655 918 3733 ei
940 3654 987 3732 cti
1012 3656 1061 3755 ριὶρ
1083 3650 1183 3748 ἦσθα.

179 3783 276 3862 Olim
308 3795 504 3884 corruptum
538 3808 702 3878 carmen,
740 3807 818 3858 cum
848 3781 1043 3882 legeretur,
1075 3786 1104 3864 ei
1128 3788 1174 3863 ch
1199 3789 1248 3883 pt,
1272 3785 1331 3880 ἧς,

179 3897 354 3976 Dawesius
374 3908 565 3972 correctum
588 3897 719 3989 voluit,
743 3898 772 3976 ai
797 3896 843 3974 σι)
867 3899 916 3994 μὶν
939 3899 1017 3989 rinc·
1043 3925 1146 3996 quem
1166 3927 1231 4000 ego
1253 3929 1331 3977 cre-

182 4003 248 4098 do,
273 4009 302 4082 si
324 4008 401 4086 MS.
422 4009 601 4084 lectionem
629 4010 796 4109 cognitam
826 4006 1023 4100 habuisset,
1052 4012 1242 4110 posthabita
1272 4041 1331 4090 sua

180 4117 368 4212 medicina,
402 4122 625 4224 probaturum
645 4122 761 4199 fuisse.

108 4377 113 4384 .
229 4318 290 4395 Vs.
318 4318 424 4396 1267.
473 4321 617 4422 Legitur
638 4345 750 4395 nunc:

303 4445 431 4553 ψυχὴν
456 4446 490 4529 δ’
512 4446 707 4546 iterduca,
734 4495 775 4512 ·-
802 4451 1033 4551 κατῄσχυνας
1059 4448 1096 4530 n
1121 4453 1257 4541 σοκῆοιο.

1145 4577 1190 4652 17
