3002 5116
243 355 317 432 tot
615 374 1012 434 onennvtrronno

240 573 286 648 ln
304 568 428 648 Suidoe
454 571 706 672 προστρίβεται
725 567 880 646 redditur
901 569 1144 669 τερντνννΐττω,
1166 595 1187 646 e
1207 567 1394 650 Scholieste

243 685 515 786 κατασκευάζει.

291 872 353 946 νε.
375 873 436 949 30.
485 876 560 949 Τῶν
590 870 764 970 ττιρὸντων
790 865 923 966 estqui
948 865 1096 967 occepit:
1129 894 1197 973 pro
1227 876 1392 974 praesenta

243 991 479 1063 terremotum.
536 986 581 1059 At
618 985 668 1056 sic
701 983 826 1057 locutio
860 993 912 1056 est
940 979 981 1059 ἓν
1015 986 1080 1060 τῶν
1106 982 1301 1084 παρόντων,
1332 1009 1392 1058 neo

243 1095 361 1172 abesse
390 1096 672 1200 praepositionem
695 1096 755 1175 fes,
806 1099 869 1170 Est
897 1092 1073 1194 κράτιστα
1096 1101 1160 1173 τῶν
1183 1097 1246 1197 νῷν
1266 1098 1392 1196 πωρίν-

242 1212 512 1318 των,ορν1ι”νννντη
540 1239 671 1302 eorum,
702 1238 786 1315 quoe
814 1235 874 1285 nos
895 1208 1014 1309 socero
1032 1238 1217 1320 pommus.
1270 1212 1391 1290 Melius

242 1326 400 1429 Aeschyli
429 1327 513 1403 hoec
545 1324 663 1400 adtulit
695 1325 897 1426 Berglerust
943 1325 1117 1424 νράτνττω
1156 1326 1198 1421 δή
1232 1358 1298 1425 μοι
1329 1329 1391 1404 των

238 1444 473 1543 παρεστώτων
500 1447 584 1523 τότε
607 1442 768 1541 ἐφαίνετο
795 1435 901 1533 εἶναι,
931 1440 1148 1518 ePrometh.
1172 1442 1261 1521 216.

292 1643 355 1722 νε.
378 1645 439 1725 34.
488 1642 710 1742 Legendum,
730 1640 852 1736 credo,
877 1656 916 1717 ut
930 1644 1006 1744 jam
1026 1643 1190 1744 Berglero
1210 1643 1349 1721 visum:

433 1770 507 1862 ὅτνὶρ
535 1773 658 1850 teate-o
680 1768 807 1873 ἐχθρόν
837 1773 923 1869 εἶμ’.
948 1775 1011 1850 νύν
1039 1773 1199 1866 ε1ν6τωτ;

291 1969 356 2045 νε.
379 1968 440 2044 37.
490 1969 644 2042 Verbum
675 1972 915 2068 παραιτεῖσθαι
944 1970 1034 2070 hincj
1057 1972 1203 2048 alienum
1239 1974 1388 2058 videtur·
1471 2001 1472 2042 1

238 2084 457 2184 Quamquam
482 2083 682 2161 scholiastes
707 2085 861 2186 scripsit:
886 2088 1030 2187 τερνττὶρ
1055 2091 1074 2181 »l
1099 2087 1209 2189 rapti·
1227 2131 1263 2144 -
1281 2103 1390 2169 τλεν-
1447 2159 1449 2166 ,

238 2199 382 2298 refovet
414 2200 486 2299 γᾶρ
523 2196 908 2285 antoninianae
934 2201 1135 2301 erpellere-w
1161 2207 1195 2282 el
1216 2203 1389 2283 Ἀττικοί.

237 2313 396 2414 cogitavi
419 2313 463 2388 de
484 2313 647 2388 lectione:
672 2315 709 2391 ἓν
735 2315 767 2392 δ’
790 2317 914 2398 αὐτούς
937 2345 1001 2416 τερ
1028 2317 1100 2394 eir.

287 2513 351 2586 νε.
374 2509 457 2588 111.
505 2509 619 2586 Ταῦτ’
649 2509 743 2607 ν’ντὶιρ
773 2519 836 2584 τοῦ
865 2508 898 2587 δ.
950 2510 1168 2608 Legendum:

438 2643 557 2714 ταῦτ’.
585 2635 680 2737 ν’ντὶιρ
705 2647 767 2714 τοῦ
793 2635 825 2716 δ.

238 2761 356 2841 Solent
381 2764 451 2856 sio,
480 2765 539 2862 qui
573 2763 700 2863 aliquid
723 2764 911 2865 jubentur,
948 2775 987 2837 ut
1020 2777 1153 2864 paratos
1174 2789 1247 2838 sese
1271 2776 1393 2838 osten-

239 2878 331 2952 dent·
346 2880 441 2979 jussa
471 2878 609 2972 facere,
643 2878 848 2978 respondere
881 2885 1006 2956 reim.
1059 2879 1151 2953 loce
1174 2892 1251 2951 sunt
1279 2879 1389 2980 Vesp.

241 2991 427 3067 142851.
456 2991 561 3071 1008.
590 2989 673 3068 Ach.
695 2990 780 3068 780.
820 2993 900 3069 Pac.
918 2990 1014 3083 275,
1034 2989 1126 3070 alibi.
1175 2992 1314 3069 Plenius
1338 3007 1387 3068 est
1470 3041 1471 3060 t

239 3112 356 3182 ταῦτα
381 3099 445 3200 δρῶ
471 3100 542 3202 huj.
571 3102 643 3179 fab.
667 3105 751 3181 ²293.

287 3308 351 3382 Vs.
381 3307 451 3384 1112
474 3319 526 3382 est
550 3304 651 3408 etiem
671 3331 723 3380 νε.
736 3306 805 3395 96,
829 3303 918 3380 unde
938 3303 1005 3378 huc
1028 3304 1116 3380 mele
1138 3303 1269 3379 illatum
1292 3331 1381 3395 esse,

238 3420 341 3522 poulo
364 3417 558 3520 elegantiori
583 3416 723 3519 patebit.
772 3415 847 3492 lllic
868 3416 955 3492 hene
979 3415 1079 3491 dixit:
1104 3415 1189 3517 effer
1214 3417 1278 3492 leue
1301 3445 1381 3493 oon·

237 3533 351 3635 giem,
379 3540 417 3606 oi
451 3557 510 3635 epo
542 3538 675 3605 mentem
703 3527 806 3631 riqem
833 3535 932 3632 atque
959 3527 1087 3635 sopiens
1110 3529 1236 3634 aliquid
1254 3531 1380 3617 dicam

238 3673 326 3747 quae
347 3644 484 3746 quidem
507 3645 669 3744 sapientia
690 3642 872 3744 depromta¹
891 3644 978 3736 fuit,
1006 3645 1066 3718 ubi
1089 3669 1288 3721 oonservum
1306 3649 1381 3748 jos-

241 3759 284 3832 sit
313 3756 481 3834 recondite
510 3756 643 3833 oracula
670 3757 794 3832 efferre
817 3782 868 3834 vs.
897 3759 967 3834 108
990 3783 1065 3857 sqq.
1114 3755 1159 3833 At
1189 3784 1278 3833 nunc
1300 3755 1382 3833 nihil

240 3872 387 3972 promit,
432 3884 524 3946 tenta
569 3870 788 3972 promissione
831 3859 1005 3969 dignum.¹
1033 3874 1147 3946 Immo
1185 3870 1305 3946 dehinc
1337 3865 1382 3942 nil

238 3984 303 4057 nisi
327 3983 414 4059 bibit
435 3998 470 4060 et
492 3984 626 4059 oracula
648 3981 744 4083 legit.
1326 4011 1333 4022 ·

292 4187 354 4261 νε.
379 4183 462 4260 213.
512 4191 648 4261 Talea.
674 4183 761 4282 Legi
785 4184 891 4285 possit
915 4198 949 4260 et
962 4180 1100 4262 ταύτά·

773 4312 888 4409 ταῦθ’,
911 4312 999 4414 ἄτερ
1024 4316 1148 4407 ποιεῖν,
1174 4317 1276 4396 rotet.
1370 4405 1374 4412 ,
1408 4369 1410 4374 -

239 4447 290 4522 Ut
317 4458 352 4520 et
374 4445 409 4518 in
430 4443 536 4542 Vesp.
559 4442 654 4535 621,
678 4441 762 4520 767.
