2948 5114
168 361 269 437 22·
457 384 463 416 ε
531 369 975 429 onsuravanrortns·

168 571 369 670 est'rotro,
406 587 441 650 et
470 565 510 652 'vt
545 573 604 652 clv
639 572 833 676 θυγάτριον.
883 565 946 644 Est
980 565 1078 665 llp'sser
1112 561 1245 645 cetto
1277 561 1316 636 in

167 690 252 798 Lys-
277 688 372 782 748,
398 689 501 764 Conc.
527 689 614 764 549.

214 889 277 967 Vs.
302 889 385 966 605.
437 885 606 964 Carminis
630 885 751 961 vitium
774 847 821 956 sic
844 882 977 957 sustuli:

1042 1007 1064 1047 l·

291 1018 361 1116 ἔμ’,
384 1015 476 1109 ἥτις,
501 1018 600 1114 lipom
621 1010 724 1091 τοῦδε
746 1019 946 1110 Κλεωνύμου
969 1039 1053 1111 γυνη

171 1142 267 1246 hujus
286 1145 457 1249 Cleonyru
466 1148 625 1248 (Terent.
635 1145 758 1220 Heant.
768 1143 813 1223 V.
820 1149 855 1221 5.
866 1121 955 1238 hl),
971 1165 1074 1242 quem
1085 1163 1145 1215 vos
1158 1134 1310 1213 novistis.

217 1349 279 1424 Vs,
304 1350 387 1425 625.
435 1349 575 1441 Verba,
615 1347 709 1445 σ’ίμοι
745 1347 878 1439 τάλας,
911 1346 948 1418 in
981 1325 1185 1419 Mnesilochi
1197 1349 1311 1440 partes

168 1459 344 1534 transferri
374 1485 440 1534 non
473 1489 536 1562 par
571 1461 646 1537 fuit.
700 1459 806 1555 olpoe
841 1458 953 1540 calluc
984 1453 1169 1532 Clisthenes
1198 1448 1312 1526 excla-

166 1588 261 1668 mat,
299 1573 551 1673 tergiversantis
584 1573 782 1649 Mnesilochi
815 1573 1017 1674 impatiens,
1051 1570 1149 1670 plane
1172 1576 1210 1638 ut
1233 1561 1311 1636 Pis-

10 1709 19 1729 ·
167 1683 335 1759 thetaerus
360 1687 396 1757 in
416 1686 543 1760 Avium
568 1714 618 1766 vs.
633 1690 738 1764 '1501
764 1686 968 1764 Prometheo
992 1683 1190 1784 increpitat:
1219 1675 1312 1776 σ’ίμοι

169 1800 212 1883 oia
234 1795 483 1898 βδελύττομαί
504 1830 556 1878 σε.
606 1799 694 1874 Vide
719 1813 756 1874 et
775 1801 864 1877 Plut.
890 1803 961 1876 389
987 1825 1037 1898 sq.

215 1961 283 2078 Vs!
302 1999 385 2072 665.
437 1995 635 2096 Legendum
661 1995 796 2074 videtur
819 1957 1039 2110 numerorum
1062 2021 1178 2072 causa:

288 2128 463 2223 πανταχῆ
487 2121 525 2203 dl
551 2122 651 2221 ῥῖψον
676 2129 788 2226 ὄμμα.

213 2325 277 2399 Vs.
303 2323 389 2398 710.
440 2324 555 2395 Potest
578 2325 802 2420 proverbialis
826 2325 948 2398 locutio
969 2322 1087 2400 fuisse:
1120 2319 1206 2415 ἥκεις
1241 2317 1312 2398 ὅθεν

162 2435 265 2529 ἥκεις·
284 2431 413 2507 'aaut
443 2435 527 2508 unde
548 2434 690 2508 ‘venistis
725 2463 810 2536 quae
841 2437 983 2533 dixerit3
1019 2437 1102 2510 nihil
1129 2433 1312 2537 quidquam

166 2545 340 2650 profecisti
352 2576 362 2642 3
399 2547 447 2618 nil
479 2548 689 2648 promovisti.
741 2552 902 2623 Ceterum
937 2551 1024 2624 bene
1058 2550 1132 2627 cod.
1164 2551 1238 2627 MS.
1272 2573 1313 2622 ac

167 2674 300 2735 veteres
336 2658 417 2733 editi
453 2661 588 2758 legunt:
610 2660 711 2752 ’ἥκεις
738 2661 765 2741 θ’
792 2663 861 2742 ὅθεν
886 2663 986 2756 ἥκεις·
1019 2664 1073 2739 cui
1106 2663 1244 2764 copulae
1271 2689 1312 2735 ea

167 2770 389 2959 reslpondeat,
429 2797 515 2872 quae
550 2799 631 2848 mox
661 2788 712 2847 est
747 2775 784 2848 in
813 2782 956 2875 Φαύλως
988 2807 1028 2855 τε
1060 2777 1128 2856 ἀπ.
1162 2774 1251 2854 Vid·
1270 2772 1313 2850 ad

167 2893 217 2963 Ac
242 2945 251 2964 .
275 2889 358 2964 328.

122 3053 132 3078 ⁸
215 3075 276 3146 Vs.
302 3073 386 3149 736.
436 3031 515 3146 Pro
530 3076 625 3171 ὑμεῖς
648 3071 831 3171 legendum
852 3072 985 3150 videtur
1015 3075 1101 3172 ὑμῖν.

219 3260 390 3337 Varla.
442 3265 598 3346 Tauroni.
647 3265 838 3336 Pronomen
870 3259 970 3345 οὗτος
1005 3261 1071 3336 Dei
1106 3259 1233 3334 nomini
1265 3261 1314 3336 sic

171 3370 318 3464 addere,
342 3399 530 3473 perquem
561 3374 636 3471 quis
662 3375 815 3474 juravit,
850 3373 1002 3448 cothurni
1027 3387 1099 3468 est,
1122 3397 1189 3446 non
1212 3374 1312 3451 socci.

172 3488 318 3586 Legem:
349 3491 497 3584 τουτογί
519 3489 573 3581 (rl
596 3485 759 3582 raetia).

220 3688 282 3760 Vs.
306 3685 390 3761 761.
440 3683 526 3759 Mihi
559 3711 692 3783 quoque
726 3685 858 3784 spurius
894 3711 1010 3761 versus
1047 3682 1192 3760 videtur.
1242 3685 1315 3759 Nec

172 3799 316 3876 verbum
340 3799 463 3896 ἐκκομῶ
486 3799 707 3898 explicatione
729 3783 918 3896 indigebat,
947 3824 1009 3872 nec
1036 3796 1195 3871 aoristum
1212 3797 1314 3870 istum

171 3911 363 4013 ἐξῃρῆσμτο
396 3911 584 3986 Atticorum
600 3936 718 4018 ¹sermo
743 3909 948 4024 probaverit.

221 4105 282 4196 Vs.
306 4103 388 4182 768.
439 4103 506 4177 Hic
533 4129 667 4201 quoque
695 4104 731 4175 in
759 4102 856 4176 libris
888 4076 977 4202 quod
1007 4115 1077 4176 est:
1110 4103 1148 4178 οὐ
1178 4100 1315 4201 (βαίνετ’
1348 4072 1359 4190 Ι,

174 4221 278 4294 οὔπω·
312 4228 345 4288 et
371 4215 484 4314 lingua
514 4215 672 4315 respuit,
703 4229 737 4288 et
771 4243 846 4308 ars,
886 4243 971 4315 quae
1012 4213 1114 4289 talem
1143 4215 1316 4290 elisionem

173 4354 240 4403 non
272 4329 410 4436 patitur,
466 4329 631 4428 Scripsit,
670 4329 790 4424 credo,
826 4327 1081 4430 Aristophanes:
1128 4334 1165 4409 eti
1197 4331 1316 4428 Φαίνε-

168 4445 242 4522 ucti'
255 4471 320 4524 πω.
465 4439 468 4449 ’
1002 4471 1003 4476 ’
1252 4435 1256 4447 ’
