3002 5116
533 392 580 448 rar
626 391 868 458 nouruaa.
1206 373 1274 454 111

121 589 218 687 legas
253 583 484 686 ὑφήρπασας,
520 587 660 664 nescias.
711 588 895 687 Negotium
928 613 1026 662 snum
1059 588 1208 682 feneret,
1244 593 1275 666 si

121 701 295 800 legerenrr
330 697 555 798 ὑφαρπάσαι.
590 700 715 785 ιἰδίκυι
752 731 799 802 γε
833 702 967 802 (φέρειν
992 705 1041 782 alc
1069 707 1199 804 λαγῷα
1222 708 1274 808 rai

11 875 12 896 r
121 809 251 912 Δῆμῳ)
274 815 326 894 τδι
346 812 421 910 &pla
446 814 673 913 ὑφαρπάσαι.
711 814 799 889 Vide
820 842 900 890 mox
923 843 977 894 rs.
999 819 1251 897 1225-1227.

11 1043 12 1052 '
171 1048 234 1124 Vs.
263 1044 369 1121 1200.
416 1042 555 1132 Verba,
590 1042 662 1142 ἔγδι
693 1041 728 1121 δ’
751 1042 992 1139 ἐκινδύνευσα,
1013 1046 1117 1145 vulgo
1140 1046 1275 1121 Cleonis

11 1199 12 1222 ι
121 1171 221 1236 sonte
258 1155 331 1256 tyn
351 1149 393 1238 δἸ
413 1158 561 1248 ὤπτησά
587 1187 655 1258 γι,
686 1155 882 1237 adversarii.
935 1159 1098 1234 Ceterum
1133 1172 1276 1260 uterque

121 1298 189 1371 qua
209 1270 338 1344 ratione
359 1266 395 1342 id
418 1268 531 1344 dicere
554 1269 722 1370 potuerit,
755 1274 826 1344 non'
845 1270 946 1346 facile
970 1271 1157 1370 intelligas,
1195 1298 1276 1350 cum

123 1398 232 1460 assata
264 1383 418 1484 leporina
449 1381 656 1458 adferentem
684 1382 846 1458 Cleonem
868 1384 942 1484 ipse
966 1383 1115 1486 Populus
1138 1382 1275 1466 viderit.

120 1497 291 1572 Videntur
315 1494 428 1570 ethic
452 1494 703 1571 transferendae
725 1509 840 1597 partes
865 1521 957 1569 esse:

220 1637 286 1738 Ag.
311 1637 351 1713 ἰδ
375 1639 440 1734 μὲν
465 1638 573 1733 νόημα
596 1639 658 1728 raia
684 1634 780 1727 laon,
806 1637 847 1713 σδ
870 1633 909 1714 dl
934 1636 1070 1735 κλέμμ’
1078 1603 1192 1733 διιόν·

312 1761 384 1863 ἔγδι
410 1762 443 1840 δ’
467 1761 695 1842 §aaronem
728 1763 781 1841 Cl.
807 1763 877 1864 ἔγδι
901 1762 935 1842 δ’
960 1762 1111 1857 ὄσσνσά
1132 1793 1190 1865 γε.

11 1907 13 1958 t
120 1909 209 1986 Nam
241 1902 324 2005 quid
361 1904 475 1982 verbis
514 1905 698 1982 sententiae
734 1905 833 1997 insit,
867 1905 937 2006 tyto
972 1904 1213 2000 ἐκινδύνευσα,
1247 1906 1277 1981 si

12 2003 13 2018 ¹
121 2021 228 2097 Cleon
252 2019 359 2111 dixit,
382 2017 540 2122 equidem
563 2045 631 2094 non
656 2015 766 2094 rideo.
824 2019 933 2114 Quid,
969 2047 1114 2122 quaeso,
1137 2019 1280 2124 periculi

123 2134 230 2209 estin
253 2128 400 2206 assandis
424 2129 679 2232 adferendisque
703 2131 887 2232 leporinis?
924 2136 1038 2208 Immo
1062 2137 1192 2210 furtum
1218 2133 1278 2234 qui

123 2271 223 2322 ausus
253 2257 323 2338 eet,
356 2245 386 2317 is
413 2246 493 2348 J'ure
526 2249 600 2320 'sese
632 2243 756 2320 dixerit
789 2243 1011 2324 κινδυνεῦσαι.
1061 2245 1131 2324 Sed
1155 2260 1190 2321 et
1213 2245 1278 2319 hoe

123 2356 227 2447 ride,
261 2385 281 2432 e
313 2371 447 2464 recepta
483 2356 665 2434 didascalia
703 2383 786 2432 num
832 2357 1002 2460 Populum
1041 2355 1158 2434 deceat
1193 2357 1278 2436 haec

124 2469 245 2545 Cleoni
275 2472 467 2572 increpare:
500 2469 610 2546 ubila:
642 2497 720 2547 nam
743 2468 803 2580 qui
824 2470 1001 2580 adposuit,
1030 2470 1196 2578 eigrotr'a
1214 2469 1276 2547 de·

123 2580 226 2661 bauer.

15 2805 16 2808 ¹
170 2783 235 2858 Vs.
262 2785 366 2864 1226.
414 2756 637 2884 legendum,
670 2794 709 2858 ut
738 2784 812 2882 jam
840 2779 1013 2881 Bentlejus
1047 2781 1117 2884 legi
1148 2783 1275 2859 voluit:

121 2902 189 2994 ὑφ’
216 2893 256 2974 οὗ
281 2894 394 2988 ’δένσέ
418 2907 462 2996 μ’
491 2901 522 2992 ἦ.
551 2929 592 2995 μ.

171 3113 350 3189 vs.·1271
376 3139 427 3215 sq.
475 3113 672 3187 Verborum
696 3109 859 3184 sententia
895 3107 979 3183 haec
1011 3123 1079 3184 est:
1117 3109 1273 3216 improbis

122 3223 309 3300 maledicere
332 3225 412 3299 nihil
433 3233 478 3302 eal
499 3221 669 3313 ἰιιυιὶίἰοιίς
692 3221 791 3297 immo
807 3220 902 3296 laudi
916 3221 954 3296 id
973 3230 1021 3296 est
1036 3221 1129 3325 apud
1148 3221 1270 3317 bonos,

123 3339 182 3446 qui
203 3338 278 3415 bene
293 3339 458 3440 judicant.
507 3341 593 3415 Boni
613 3338 704 3431 riri,
738 3337 797 3438 qui
820 3363 895 3411 rem
917 3337 1004 3411 bene
1029 3350 1170 3436 putant,
1207 3338 1273 3413 hn-

123 3475 244 3528 norem
277 3453 325 3528 sic
352 3452 568 3530 maledicenti
591 3451 783 3529 habebunta
816 3452 875 3551 qui
900 3451 949 3525 sie
971 3447 1173 3525 maledicunt
1196 3452 1274 3525 lau-

124 3561 205 3639 dem
227 3564 397 3641 invenient
423 3564 512 3667 apud
534 3567 658 3653 bonos,
688 3565 748 3664 qui
772 3563 862 3638 bene
884 3589 960 3640 rem
983 3573 1113 3663 putant.
1160 3563 1272 3664 Saepe

123 3679 173 3753 sie
192 3679 324 3755 Graece
346 3680 470 3780 plurali
492 3679 639 3754 nominis
661 3703 803 3751 numero
827 3681 883 3778 (ut
903 3676 959 3751 hic
982 3681 1056 3759 σιΐι
1080 3675 1269 3778 marnaio)

121 3819 307 3890 pronomen
342 3791 522 3895 respondet
553 3791 721 3892 singulare
757 3792 866 3876 δστιι.
916 3793 1007 3866 Ioco
1039 3804 1196 3892 congesta
1228 3791 1271 3867 ad

120 3904 294 4006 Euripidis
314 3902 407 3984 llled.
422 3907 491 3982 221
512 3931 564 4006 sq.

266 4032 342 4126 δι’κιι
363 4037 435 4135 γαρ
463 4037 525 4112 oon
547 4034 660 4113 δνεσσ’
686 4031 720 4110 ἓν
745 4030 941 4129 δφδαλμιΐι
963 4030 1118 4129 βροτῶν,

266 4143 363 4231 tem
388 4161 453 4228 etc.

169 4362 232 4441 Vs.
263 4364 369 4442 1306.
424 4363 516 4444 Ου’δὶ
551 4373 614 4438 etc.
663 4359 739 4436 Non
777 4335 889 4432 aliam'
910 4379 1035 4434 navem
1063 4355 1162 4456 dieit5
1195 4383 1270 4436 sese

122 4469 204 4550 didt
224 4501 315 4554 nme
336 4475 563 4577 Nauphmten
584 4472 762 4556 Natuonia.
781 4473 784 4480 ’
803 4467 859 4552 ad
881 4495 959 4568 earn
980 4469 1181 4548 locutionem
1204 4469 1269 4547 hoc
