2948 5114
424 386 478 442 nu
518 374 948 442 carolomannus.
1216 363 1266 440 55

107 581 252 661 τοιοθιιι.
300 581 343 656 In
372 589 510 681 recepta
534 578 642 656 Fabri
666 579 810 655 lectione
851 573 943 668 haud
977 589 1092 678 gratus
1126 576 1264 652 auribus

108 694 203 772 eadit
231 704 445 793 anapaestus:

256 821 451 940 ἐνδυόμεναι
474 823 571 905 nardo
593 821 717 902 τιιὸτον
742 821 912 922 τόλμημα
937 835 1016 914 τηλ.

157 1039 222 1114 Vs.
257 1039 342 1116 317.
399 1039 499 1116 MSS.
528 1036 605 1114 edd.
635 1039 653 1114 d
682 1042 855 1137 κοττριιῖος·
887 1035 978 1137 quod
1019 1038 1123 1112 metri
1157 1035 1267 1138 gretia

108 1177 187 1228 cum
216 1150 353 1250 linguae
382 1147 506 1224 damno
541 1161 707 1224 mutatum
736 1149 773 1223 in
802 1155 1002 1250 κοτρεοιΐος,
1029 1175 1172 1251 prauam
1203 1174 1266 1224 no·

103 1263 208 1338 minis
236 1263 395 1341 formam.
450 1262 632 1362 Scripsisse
659 1261 920 1365 Aristophanem
947 1261 1164 1338 crediderim:
1204 1261 1263 1342 ὅδε

105 1377 298 1478 Koa-perior,
330 1401 435 1474 quam
459 1373 607 1450 nominis
633 1371 780 1450 formam
812 1375 892 1449 libri
920 1374 1022 1454 MSS.
1043 1367 1264 1476 praeferunt,

105 1489 163 1567 vel
206 1488 266 1570 dds
298 1491 483 1586 κοιτρεῖοι,
535 1486 718 1586 analogiae
754 1487 873 1587 magis'
906 1486 1088 1588 probatum
1127 1514 1264 1564 nomen.

105 1605 204 1699 Quae
229 1603 343 1679 dicens
363 1601 533 1702 Blepyrns
553 1597 711 1701 podicem
736 1624 836 1674 sunm
862 1600 1049 1678 monstarit.
1098 1600 1157 1679 Sio
1174 1614 1268 1679 certe

104 1741 186 1796 mox
213 1732 268 1796 est
288 1712 388 1802 οὗτοι
412 1742 465 1794 νε.
484 1717 570 1793 361.

139 1934 221 2011 ·Vs.
243 1933 330 2012 336.
381 1934 479 2028 Quae
506 1931 554 2006 sic
575 1930 753 2034 leguntur:

351 2063 408 2157 μλι
436 2062 496 2138 τλν
526 2061 582 2136 Δί’
606 2062 646 2134 οὐ
675 2060 746 2158 γλιι
776 2095 819 2109 -
841 2095 883 2110 ··-

107 2189 158 2270 sio
181 2212 251 2266 uno
273 2203 390 2266 tenore
416 2185 580 2288 legenda:

266 2311 886 2425 ΙὼὼΜώΜ--

111 2438 165 2512 uti
186 2463 268 2515 mox
294 2463 347 2518 νε.
371 2439 456 2517 344.

159 2658 223 2735 Vs.
242 2655 327 2735 377.
377 2655 486 2731 Totus
505 2653 657 2755 Blepyro
686 2650 836 2728 dandus:
950 2719 953 2733 .

233 2781 295 2877 ἤδη
317 2782 463 2860 λέλυται
485 2778 582 2880 prim
607 2782 644 2874 νὴ
667 2784 734 2877 Δί’,
762 2778 884 2879 ὄρθριον
910 2782 974 2876 μὲν
1002 2774 1072 2864 οὖν.

106 2907 199 2986 Vide
223 2923 258 2986 et
277 2935 328 2987 νε.
349 2911 423 2987 328
447 2907 508 2982 ubi
535 2906 693 2983 similiter
720 2918 905 3008 peccarunt
924 2905 1086 2998 librarii,
1119 2917 1154 2984 et
1173 2901 1260 2984 dicu

108 3022 153 3099 ad
179 3024 271 3101 Plur.
298 3024 385 3104 848.

155 3241 224 3318 vs.
244 3234 330 3316 aas.
378 3232 482 3312 uss.
503 3195 581 3348 aaa.

235 3368 294 3442 κιιλ
323 3362 413 3456 dira
434 3360 564 3446 τάντιι
588 3361 817 3461 σκυτοτόμοι.
844 3357 1021 3462 ᾐκάζομεν

236 3479 371 3574 ὁρῶντες
392 3477 528 3559 minoda.

110 3603 172 3704 qui
193 3615 284 3678 certe
303 3601 394 3674 nullo
413 3601 516 3676 modo
539 3599 734 3678 tolerandus
763 3599 885 3678 hiatus.
918 3602 967 3676 -E
986 3597 1108 3677 Suidae
1127 3632 1257 3684 τιιυτο-

108 3715 218 3814 τόμοι
239 3713 316 3818 (uhi
341 3727 418 3806 est,
450 3726 541 3788 certe
571 3713 608 3787 in
629 3712 710 3790 edit.
734 3711 827 3791 Med.
855 3738 889 3792 ιι.
912 3709 946 3792 δ.
976 3712 1099 3794 edura
1125 3746 1256 3798 τιιντο-

107 3829 226 3928 τόμοις
255 3822 448 3929 ᾐκάζομεν)
475 3826 600 3927 legitur
624 3852 713 3901 nunc
733 3825 771 3900 in
791 3825 906 3902 libris:

231 3965 291 4040 aa)
318 3959 407 4054 δῆτιι
429 3957 567 4044 auinaue
593 3960 827 4060 σκυτοτόμοις
852 3960 1027 4064 Mopso

226 4076 367 4176 dpdrrer
396 4076 536 4156 αὑτούι·

108 4215 269 4292 Ceterum
292 4217 453 4310 mireris,
486 4217 516 4290 si
486 4212 629 4292 sham
664 4243 746 4294 vera
775 4231 827 4294 est
853 4218 954 4320 plana
981 4247 1021 4295 ac
1042 4219 1100 4299 vel
1118 4197 1257 4296 tardiori

109 4327 243 4430 ingenio
276 4343 394 4432 patens
424 4331 546 4428 leutio,
574 4331 634 4430 qui
667 4331 795 4408 factum
823 4334 888 4429 sit,
928 4343 967 4408 ut
996 4334 1032 4407 in
1052 4361 1169 4432 prava
1198 4334 1255 4408 illa

110 4465 186 4519 uam
208 4443 306 4522 libris
321 4442 422 4526 MSS.
441 4457 575 4524 veteres
596 4443 751 4548 impressi
775 4447 1007 4550 conspirarint.
1058 4444 1127 4524 Sed
1143 4469 1254 4544 neque
