2948 5114
215 361 272 438 ·15
585 375 994 434 oasnnvarrosas

273 578 335 652 Vs.
379 575 485 654 1216.
540 575 579 649 In
630 573 703 649 loco
749 574 892 650 obscuro
947 573 1034 650 hanc
1080 588 1194 650 tamen
1242 571 1388 654 teuiavi

224 718 365 912 rramss„
390 802 509 904 ἤγαγε
532 802 572 879 ab
599 801 718 902 θύραν,
744 837 782 850 -
812 804 897 903 οὐχὶ
922 803 1140 922 παραχαρεΐν
1167 797 1297 892 idaeam

272 1006 335 1081 νε.
361 1007 455 1082 1216
478 1030 552 1106 sqq.
593 1002 758 1102 Veniunt·
776 999 963 1101 importuni
990 999 1117 1100 aliquot
1141 999 1382 1078 introituro-

224 1115 343 1194 lentes,
390 1118 542 1210 Quorum
585 1141 661 1190 cum
701 1139 784 1186 unus
824 1114 1005 1214 janitorem
1046 1115 1201 1214 jussisset
1247 1116 1380 1216 ostium

226 1230 379 1330 aperire3
404 1228 461 1302 hic
483 1231 594 1329 primo
619 1254 723 1300 unum
747 1253 820 1301 esse
844 1225 983 1300 credens
1010 1229 1106 1328 (nam
1131 1229 1228 1302 unius
1251 1255 1379 1305 vocem

226 1337 415 1437 audierat),
427 1339 527 1415 domo
546 1342 651 1417 etiam
671 1341 784 1413 exiens
805 1340 971 1412 facessere
986 1339 1101 1437 jubet:
1126 1343 1179 1436 (οὗ
1195 1343 1380 1444 παραχω-

226 1461 291 1555 ρεῖν
309 1453 455 1549 bibam)
490 1479 570 1528 mox
593 1478 770 1552 egressus,
797 1454 917 1526 ceteris
943 1454 1146 1552 conspectis:
1182 1455 1264 1558 quid
1297 1483 1379 1547 uos,

225 1569 356 1670 inquit,
381 1567 433 1642 hic
455 1565 638 1640 adsueto?
662 1570 733 1666 μῶν
767 1604 804 1614 -
835 1575 1044 1663 κατακαύσω
1056 1595 1066 1660 3
1091 1566 1211 1666 ¹Quod
1235 1596 1313 1642 cnm
1337 1567 1378 1642 bi

224 1679 322 1756 nibili
353 1681 531 1772 fecissent,
564 1692 663 1778 atque
688 1676 791 1751 -idem
816 1678 879 1752 iste
903 1677 1005 1751 homo
1030 1705 1104 1752 sese
1129 1681 1178 1753 sic
1202 1682 1381 1756 abiturum

224 1802 378 1892 negasset
408 1798 487 1896 (οὐκ
513 1792 558 1872 ἂν
583 1779 803 1892 variamur„
839 1805 912 1864 tum
940 1789 1084 1864 famulus
1109 1790 1291 1867 admodum
1322 1797 1378 1870 ri-

224 1903 352 1981 dicule:
385 1907 535 2011 quaudo,
565 1907 694 2007 inquit,
731 1901 846 2008 spretis
881 1903 975 1976 minis
1006 1902 1134 1978 omuino
1165 1905 1256 2010 cupis
1286 1907 1376 1982 malo

224 2023 254 2090 1α
291 2019 399 2120 affici,
440 2019 580 2124 mihique
620 2019 702 2094 arico
745 2043 868 2091 necesse
909 2023 973 2107 est,
1013 2013 1050 2087 id
1079 2013 1212 2108 fucere,
1252 2027 1289 2092 ut
1316 2019 1378 2095 ribi

220 2131 407 2232 graffium,
428 2133 478 2207 id
502 2161 563 2238 ego
577 2134 654 2236 jam
678 2131 799 2208 laboris
820 2119 1046 2232 molestiaeque
1065 2128 1267 2234 perquiram,
1284 2143 1323 2208 ut
1345 2142 1375 2208 u

223 2244 307 2320 mou
325 2246 469 2327 mulcem.
521 2247 620 2343 Quod
655 2249 813 2376 probans·
833 2248 960 2322 Senum
996 2244 1115 2318 chorus
1151 2248 1248 2332 (nam
1275 2245 1373 2349 hujus

222 2359 327 2432 fuisse
349 2359 484 2434 videtur
508 2388 560 2436 νε.
585 2361 699 2449 1221)
727 2362 874 2434 comice:
900 2369 931 2435 εἰ
952 2387 1014 2434 uos
1034 2366 1137 2434 rrum
1159 2358 1256 2434 simui
1278 2359 1375 2436 lobo-

222 2469 346 2544 n'osum
385 2469 474 2544 istud
511 2469 694 2547 subtbimus.
758 2473 851 2547 Tum
892 2471 1038 2546 famrrlus
1092 2475 1150 2572 (ac
1185 2475 1297 2548 nescio
1330 2501 1376 2548 an

223 2607 291 2656 una
315 2596 349 2658 et
373 2581 524 2676 Chorus)
554 2579 804 2656 minitabundus
825 2584 930 2682 fugat.
955 2586 1024 2684 (νε.
1049 2584 1146 2658 1222
1175 2581 1267 2684 sq),
1291 2609 1374 2686 mox

180 2709 186 2715 ’
224 2693 391 2770 redituros
415 2701 478 2790 (νε.
508 2693 634 2793 1239).

274 2881 337 2956 νε.
366 2879 473 2955 1218.
522 2881 679 2979 Φορτικδν
712 2881 754 2958 ab
789 2876 925 2979 χωρίον.
982 2879 1077 2953 Haec
1117 2879 1275 2981 equidem
1309 2905 1392 2954 non·

225 2992 387 3091 intelligo.
438 2993 603 3066 Verrunt:
628 2991 760 3066 molesto
789 3000 837 3066 est
865 2990 944 3066 haec
969 2992 1086 3068 statio:
1109 2991 1308 3097 asperrimus
1329 3000 1376 3066 est

227 3107 325 3183 locus.
369 3105 529 3204 Ceterum
551 3106 691 3180 ubinam
716 3107 764 3181 sic
783 3134 906 3181 nomen
932 3111 1113 3207 φορτικὸςς
1139 3107 1199 3180 ubi
1223 3111 1372 3206 χωρίονς

227 3219 388 3318 Suspicor
422 3221 547 3293 veteris
572 3220 725 3319 magistri
749 3222 854 3295 verba
878 3247 970 3311 esse,
1007 3221 1066 3322 qui
1091 3209 1212 3293 docere
1237 3223 1286 3294 sic'
1308 3245 1373 3297 νο-

225 3333 328 3418 luerit
340 3331 541 3431 ,ejusmodi
563 3333 720 3426 urbam,
749 3336 887 3434 qualem
908 3334 964 3409 hic
986 3337 1081 3429 fieri,
1107 3341 1243 3410 scenam
1267 3335 1371 3410 dede-

226 3455 324 3520 cere:
365 3444 535 3519 indecorus
573 3456 624 3520 est
660 3448 712 3521 hio
745 3447 885 3548 subulae
918 3449 1017 3525 locus.
1080 3451 1176 3545 Quae
1211 3449 1370 3571 sementia

228 3561 323 3662 ¹prius
347 3560 444 3640 inter
459 3587 575 3637 versus
597 3565 742 3664 scripta:
1360 3661 1364 3668 ι

782 3696 850 3788 Φορ
816 3692 944 3768 octabu
968 3692 1008 3768 rb
1033 3695 1171 3792 χωρίον.
1240 3701 1247 3724 “
1317 3691 1320 3701 '

377 3808 471 3899 ὖμᾶε
492 3811 700 3883 κατακαύσω
751 3848 1170 3866 -----
1317 3868 1322 3876 .
1356 3853 1361 3872 .

231 3944 394 4019 deinde
384 3972 419 4017 m
453 3959 580 4020 textum
614 3960 749 4047 recepta
780 3945 921 4021 alteram
954 3945 1077 4022 senarii
1103 3958 1248 4043 partem
1259 3911 1372 4018 exier-

230 4060 376 4142 minasse
400 4073 519 4172 potest.
568 4064 699 4136 Nomen
731 4062 937 4159 Φορτιαός
926 4087 1000 4160 ipse
1036 4055 1245 4131 Comicus
1219 4082 1266 4128 sm
1292 4053 1372 4131 dixit

227 4171 266 4292 in
288 4172 393 4270 Vesp
418 4173 477 4246 66.

227 4357 341 4438 rs
359 4357 463 4433 mou
513 4355 606 4427 vera
631 4368 681 4429 est
705 4357 804 4431 uss,
834 4353 915 4432 aaa
937 4355 1052 4428 rectu:
1079 4362 1271 4456 πανταχοῦ
1291 4333 1370 4453 πρέ·-

116 4543 121 4555 .
230 4471 438 4572 σβαῦνομεν.
488 4467 643 4546 Verbum
673 4473 872 4571 πρεσβεύειν
908 4495 974 4544 non
1008 4481 1073 4545 est·
1092 4467 1231 4570 legatum
1264 4465 1367 4572 aliquo
