2948 5114
572 329 626 386 ll(
674 331 853 394 NUBM·

171 517 247 601 vs.
262 517 356 598 370.
404 522 448 598 ln
468 519 605 622 rugata
629 515 789 600 lectione:

258 673 374 754 ααΙτον
396 677 501 777 'xliv
523 673 651 777 altum
673 675 745 758 ὔειν
768 680 882 761 αὐτόν·

116 849 279 924 nominis
310 848 423 951 αἰθρία
452 847 565 925 medie
588 862 639 925 est
661 849 824 952 producte
846 849 997 952 syllaba,
1031 851 1121 954 quud
1142 855 1218 932 lieri
1239 856 1284 932 li·

117 965 242 1040 cuisse
265 991 333 1040 non
358 962 482 1057 eredo,
512 989 591 1054 eum
625 964 827 1065 praesertim
861 963 915 1037 bis
954 979 1145 1066 correptam
1176 966 1285 1046 dede-

119 1077 174 1152 rit
198 1078 381 1154 Comicns:
407 1079 471 1156 etsi
502 1079 573 1155 seio
595 1079 631 1154 in
654 1078 789 1162 nomine
811 1078 953 1180 proprio
981 1076 1181 1179 Ἀκαδημία
1211 1081 1285 1184 huj.
1353 1075 1356 1082 ⁴

119 1193 200 1270 feb.
240 1219 296 1270 rs.
321 1195 393 1270 992
426 1192 520 1270 idem
552 1219 636 1270 esse,
684 1195 773 1270 Nem
804 1193 896 1272 Plut.
919 1196 989 1274 511
1020 1208 1055 1272 et
1079 1193 1184 1274 conc.
1211 1199 1284 1276 663

113 1309 196 1410 jem
221 1305 355 1382 dudum
376 1305 545 1384 emendati
568 1307 674 1386 fuere.
722 1309 796 1384 Nec
827 1304 967 1399 dubito,
996 1308 1078 1410 quin
1103 1321 1139 1384 et
1159 1335 1284 1387 nomen

119 1421 338 1521 Ἀκαδημία
360 1421 410 1496 ibi
434 1447 476 1496 ex
498 1421 774 1521 interpretatione
796 1434 874 1496 nete
898 1421 955 1498 sit.
1003 1423 1079 1498 Hoc
1105 1421 1180 1500 loun
1203 1421 1285 1501 vul-

117 1563 252 1640 garem
289 1535 434 1611 nominis
472 1536 620 1610 formem
657 1548 767 1610 ortum
802 1536 953 1637 suspicor
987 1564 1008 1612 u
1042 1537 1209 1638 magistre
1242 1563 1284 1615 uc

118 1661 347 1738 correctore,
371 1673 517 1750 quorum
548 1647 607 1722 ille
636 1648 820 1750 exrprisitue
852 1647 997 1722 nominis
1033 1651 1165 1726 formae
1201 1647 1284 1726 vul-

119 1785 254 1860 garem
289 1758 522 1850 substituerit,
564 1757 620 1832 hic
659 1772 816 1859 gravatos
855 1761 905 1834 sic
938 1786 1096 1838 numeros
1137 1757 1283 1860 levurit3

119 1899 236 1977 qnam
257 1873 343 1952 eden
370 1874 475 1952 trisse
498 1873 600 1950 credo
622 1875 728 1976 αἴθρη.
777 1876 959 1978 scripserit
981 1877 1031 1954 sic
1057 1876 1232 1954 Comicus:

257 2049 370 2126 neten
397 2048 500 2147 ’χρῆν
525 2045 597 2142 real}
623 2047 737 2148 αἴθηηο
759 2045 968 2140 desumet·

125 2235 226 2336 (sire
256 2235 306 2308 sic
334 2227 553 2306 scribendum
579 2255 716 2306 censens
750 2228 832 2326 ηηξ)
878 2255 966 2330 quae
998 2229 1141 2308 nominis
1171 2229 1282 2308 torma

125 2347 167 2421 in
192 2346 320 2425 Avium
342 2356 395 2418 est
417 2367 468 2420 vs.
492 2341 587 2432 778,

256 2511 405 2616 κύματά
427 2515 463 2589 τ’
488 2511 620 2612 ἔσβεσε
643 2508 780 2612 νήνεμος
801 2513 909 2632 αἴθρη.
946 2527 948 2533 “

123 2695 257 2772 Notum
280 2689 453 2766 oraculum
474 2701 544 2782 est,
570 2715 590 2762 a
613 2686 796 2762 Scholiette
821 2687 922 2761 etiem
943 2701 1282 2792 memoratumque

123 2805 315 2908 Mysoeflus
338 2809 450 2906 jussus
485 2803 551 2877 fuit
585 2800 707 2876 urbem
732 2799 902 2892 condere,
928 2801 1015 2881 ’ὅσον
1040 2799 1083 2880 ἂν
1109 2804 1213 2881 auru
1238 2803 1279 2899 ἐξ

82 2979 86 2986 .
125 2919 259 3019 αἰθρίας
284 2921 378 3000 terte
407 2912 523 3012 βέλη·
543 2911 633 3015 quud
659 2911 831 2988 oraculum
852 2913 912 2988 ubi
933 2914 984 2988 sic
1004 2927 1173 2990 mutatum
1196 2915 1283 2992 ulter

125 3034 293 3136 magister
328 3026 439 3104 dedit:
473 3027 560 3106 ὅσον
594 3023 636 3103 ἂν
669 3025 771 3104 αὑτὸν
804 3029 902 3112 dente
927 3027 1132 3127 καταλάβοι
1153 3026 1282 3126 αἰθρίας

127 3151 247 3239 οὔσης·
268 3142 356 3220 unde
380 3155 430 3217 tot
450 3142 550 3218 MSS.
576 3139 678 3215 lectio
702 3139 855 3216 venerit:
889 3140 1002 3220 καίτοι
1026 3148 1130 3241 ’χρῆν
1154 3141 1283 3240 αἰθρίας

129 3263 260 3354 οὔσης,
290 3263 366 3362 jem
393 3259 507 3352 seius„
537 3259 607 3333 Pro
642 3255 682 3349 ἐξ
707 3253 819 3354 α’ίθρηα
843 3281 923 3328 enm
943 3255 1281 3355 interpretamentum

11 3451 12 3454 ,
127 3376 166 3450 in
202 3381 334 3448 textum
366 3370 511 3446 venisset
545 3368 674 3466 αἰθρΐασ
699 3371 824 3460 οὔσης,
859 3380 1001 3466 gravato
1030 3368 1079 3440 eie
1101 3371 1280 3463 carmine,

129 3491 242 3594 ejecto
276 3489 397 3576 οὔσησ,
430 3509 539 3586 neque
572 3484 690 3561 vocula
713 3489 782 3560 καί.
795 3481 907 3556 locum
930 3494 1047 3558 tenere
1065 3484 1185 3583 potuit.
1235 3486 1283 3560 Et

126 3599 317 3682 verborum
357 3599 555 3672 sententium
592 3595 770 3696 diligenter
803 3609 1024 3696 eucurnteque
1059 3593 1282 3697 perpendenti

126 3713 229 3792 facile
252 3710 404 3814 patebit,
427 3733 496 3810 quo
517 3711 647 3786 Socrati
667 3707 861 3810 disputandi
882 3709 969 3786 ratio
991 3709 1079 3786 bene
1099 3709 1280 3812 procedet,

128 3825 285 3928 mpetum
317 3822 379 3902 uel
409 3823 566 3900 eneruis
589 3827 709 3900 messe
740 3849 810 3898 non
843 3848 955 3924 punse.
1004 3823 1081 3900 Non
1115 3824 1210 3900 enim
1243 3821 1281 3900 id

130 3935 214 4013 dicit
235 3936 390 4041 Sophus,
413 3938 441 4012 ri
466 3937 603 4038 Jupiter
624 3952 734 4035 eeret,
759 3937 820 4038 qui
835 3937 999 4038 plueret,
1026 3933 1154 4014 debere
1177 3963 1281 4027 eum,

130 4075 241 4154 quum
274 4077 430 4130 serenum
460 4053 592 4128 eoelum
626 4064 740 4143 esset,
770 4063 846 4128 tum
874 4049 1026 4152 pluviem
1050 4049 1186 4147 fucere;
1219 4047 1280 4128 sed

131 4165 259 4242 debere
292 4191 371 4240 eum
396 4193 464 4242 non
489 4165 598 4240 sulum
619 4163 713 4238 eoelo
735 4163 882 4240 nubibus
906 4160 1072 4256 obducto,
1099 4159 1160 4238 sed
1183 4161 1279 4238 οὔασι

115 4303 252 4358 termo
282 4277 412 4380 pluere.
462 4276 563 4376 Quod
602 4275 741 4378 quidem
772 4279 809 4378 in
840 4277 985 4358 dictione
1016 4302 1192 4381 mtmpuum
1229 4285 1281 4348 est

133 4393 223 4496 epnd
245 4393 443 4474 tuentum
464 4391 490 4474 Ι.
514 4395 579 4474 Vl.
610 4395 684 4472 399
708 4419 760 4495 sq.
1129 4455 1138 4474 .
