2948 5114
551 311 611 366 ιιι
647 310 880 366 Ριυιυιι.
1239 299 1294 378 49

134 622 260 714 cium,
284 633 319 696 et
342 620 487 696 ferocius
511 619 701 718 imperatur
724 623 870 712 omisso,
904 648 1007 724 quam
1031 624 1142 700 addito
1165 655 1294 731 prono-

132 735 258 827 mine,
292 747 327 809 et
361 735 535 836 pronibres
580 735 677 806 fuere
713 733 846 812 librarii
881 734 924 810 ad
961 737 1199 836 inserendum,
1232 743 1293 822 ubi

134 859 301 948 pussent,
324 873 436 948 quam
451 844 493 922 ad
514 844 767 946 negligendum.

188 1095 257 1170 vs.
281 1055 367 1172 440ss
416 1091 593 1184 Scribam,
627 1087 716 1190 quod
745 1089 820 1164 non'
843 1088 980 1184 dubito,
1016 1094 1097 1194 quin
1126 1095 1163 1168 in
1186 1095 1288 1176 MSS.

137 1208 208 1283 sit:
248 1207 473 1306 παραμένενιι
500 1253 540 1264 -
553 1205 702 1302 υμένειιι
735 1215 809 1276 tum
842 1202 932 1306 quod
966 1207 1065 1280 verbi
1101 1208 1292 1306 'adven-„iu

134 1321 268 1396 talibus
292 1345 450 1421 praesens
475 1331 609 1418 tempus
630 1316 820 1418 ponebant,
856 1331 929 1390 tum
960 1317 1004 1390 ob
1031 1345 1173 1420 sequens
1197 1328 1290 1423 φεύ-

129 1463 266 1537 Ιγαμῶν.
314 1435 355 1510 ln
378 1459 430 1514 vs.
456 1432 552 1508 1187
575 1431 663 1516 bene
686 1429 767 1504 libri
788 1429 913 1516 habeut
937 1435 1152 1531 καταμένειν.

185 1662 253 1740 Vs.
278 1661 363 1739 539.
412 1658 571 1757 Legitur.
605 1657 692 1736 ἀλλ’
714 1655 897 1736 ἐπανίστω·
922 1657 1011 1758 quod
1036 1660 1116 1736 erit:
1145 1613 1285 1738 'aad’¹
1233 1691 1292 1740 re-

133 1771 235 1852 bella.
284 1773 343 1847 Sic
372 1769 510 1870 quidem
534 1770 678 1844 verbum
703 1783 753 1848 est
778 1772 813 1844 in
836 1775 900 1850 Av.
934 1774 1037 1852 1584.
1087 1777 1176 1852 Nam
1199 1777 1290 1894 quod

134 1861 287 1960 uerbum
307 1885 494 1984 intelligunt
519 1885 745 1979 ducernebant,
767 1884 977 1984 ἐγείρεσθαι,
997 1911 1186 1988 nusquam,
1209 1917 1289 1966 cre-

131 1995 262 2106 do,
236 2023 284 2072 sac
307 2011 368 2074 est.
419 1997 536 2092 Quid?
573 1999 603 2071 si
626 1999 682 2096 leg
661 2025 738 2074 ‹rzas
774 1998 859 2075 ἀλλ’
885 1999 938 2078 ἔτ’
902 2001 1103 2081 ruvinia.
1152 2003 1267 2080 Est
1238 2029 1288 2082 sic

135 2107 215 2184 fere
239 2111 402 2200 vocula’
401 2141 439 2187 τι
460 2111 496 2184 in
519 2110 610 2201 Nub.
639 2112 754 2199 1217,

292 2253 437 2331 ἀπόλοιο
462 2255 574 2330 τοίνυν
599 2250 687 2332 ἕνεκ’
711 2249 883 2336 evacuatae
905 2252 971 2336 ίτιῗ

138 2392 224 2472 Pac.
248 2393 365 2487 1053,

287 2532 355 2636 ἆρα
378 2537 569 2635 φενακίζων
592 2542 676 2615 ποτ’
703 2535 897 2628 Ἀθηναίους
921 2538 973 2618 ἔτι
996 2547 1145 2640 παύσεις

190 2749 255 2823 Vs.
274 2748 358 2828 573.
408 2713 523 2841 Znaife
546 2747 745 2830 ἀναπείσειν
767 2747 899 2826 insolita
918 2775 982 2826 nec
1004 2751 1178 2854 probanda
1204 2781 1287 2830 con-

136 2861 335 2940 structio.-

187 3079 251 3153 vs.
274 3075 358 3154 578.
387 3034 613 3174 Recipienda
644 3071 847 3175 jamdudum
880 3073 945 3149 fuit
974 3077 1148 3177 praeclara
1176 3081 1289 3158 Hem-

138 3189 297 3269 sterbusii
318 3186 528 3270 emendatio:

270 3329 380 3410 adab
406 3331 503 3432 duay.
530 3344 622 3432 χαλ.
647 3331 792 3430 πρᾶγνί
817 3321 917 3422 ἦντὸ
942 3328 1080 3411 δίκαιον.

138 3476 233 3552 Nam
253 3498 316 3548 uec
339 3473 455 3550 abesse
480 3471 639 3548 articulus
662 3485 793 3574 potest,
810 3471 889 3546 'ubi
912 3471 1115 3576 adjectivum
1140 3480 1176 3552 in
1200 3505 1288 3554 neu-

137 3602 195 3664 tro
218 3587 382 3688 singulari
400 3611 465 3687 pro
488 3587 693 3663 substantivo
715 3584 914 3680 adhibetur,
936 3601 971 3661 et
997 3584 1033 3682 ἦν
1060 3589 1096 3662 in
1124 3590 1184 3666 tali
1208 3618 1289 3666 sen-

137 3702 244 3778 tentia
276 3725 377 3800 saepe
408 3723 471 3797 pro
496 3700 572 3777 ἔστι
594 3697 747 3798 ponitur3
778 3697 968 3797 plurimum
1001 3697 1141 3798 quidem
1175 3700 1287 3778 addito

137 3817 233 3914 ἄρα,
262 3809 432 3888 interdum
465 3823 578 3888 tumen
611 3812 715 3886 etiam
739 3811 812 3886 sine
842 3811 1020 3911 particula.
1068 3815 1186 3888 Potest
1211 3816 1289 3896 ἔστι

139 3926 268 4006 δίκαιον
303 3924 433 3998 librarii
466 3925 573 3999 menti
606 3923 788 3999 inhaesisse
819 3952 839 4000 e
869 3949 922 4000 vs.
953 3928 1038 4002 490.
1088 3928 1205 4003 Potius
1231 3941 1286 4004 ta-

137 4063 219 4116 men
241 4037 418 4138 magistros
440 4061 615 4131 accusem,
641 4039 700 4136 qui
724 4036 857 4138 saepius
881 4035 973 4110 idem
996 4039 1068 4113 ausi
1092 4053 1179 4120 sunt.

134 4341 142 4360 .
187 4273 252 4362 Vs.
275 4270 359 4346 586.
408 4268 587 4350 suaviores
619 4269 725 4344 multo
755 4270 889 4346 numeri
913 4283 1011 4346 erunt
1039 4270 1152 4365 lecto,
1185 4277 1287 4374 μᾶν.

141 4400 200 4465 λιν
227 4387 330 4488 χρῆν·
350 4403 497 4484 quorum
521 4383 798 4504 lenemcursum,
815 4382 965 4502 dactylus
988 4383 1148 4568 imp-edii}
1159 4431 1172 4478 .·
