3002 5116
7 4511 9 4560 l

7 4567 8 4602 t

564 440 619 494 ια
649 427 868 498 ‘vesane
1224 413 1296 493 tot

136 655 190 714 vs.
216 625 292 707 275
313 653 364 728 sq.
411 629 458 704 Et
488 629 642 707 laborare
670 635 745 734 jam
770 632 813 708 de
836 635 929 710 senis
948 625 1220 736 digitisunnm,
1243 643 1302 741 'ut‘

135 741 264 846 pedem
291 740 374 814 nolit
406 742 580 817 Laconicis
611 743 727 818 baxeis
750 744 921 838 inserere,
945 773 964 822 e
989 774 1041 825 vs.
1070 747 1166 824 1165
1189 757 1294 846 patet.

137 852 278 934 Dictum
313 850 377 926 hoc
410 879 483 929 esse
516 863 600 955 παρ’
637 861 794 937 trovato
806 912 818 953 ,
860 874 958 936 vetus
983 861 1118 936 criticus
1143 859 1293 960 sensuit,

141 966 225 1048 tart
257 971 322 1041 τοῦ
359 963 489 1080 &alla
515 967 608 1050 nulls
633 968 805 1066 λήψομαι.
840 971 938 1058 ὅστις
962 977 1013 1054 τα
1037 979 1102 1052 τῶν
1126 973 1293 1073 γερόντων

143 1085 185 1159 οὐ
207 1073 381 1180 Adurunt.
425 1079 524 1176 Quod
547 1081 632 1156 mihi
656 1081 795 1184 quidem
821 1099 855 1159 et
879 1087 1025 1161 nimium
1044 1086 1172 1186 frigere
1196 1083 1297 1160 vide-

143 1208 222 1285 tor,
246 1218 310 1269 nec
331 1192 410 1267 satis
433 1192 610 1292 intelligo,
633 1196 693 1294 qui
717 1195 917 1283 Λακωνικάς
940 1210 1068 1296 gestat,
1100 1197 1159 1297 qui
1183 1197 1295 1270 minus

143 1305 307 1410 pernione
330 1304 481 1396 laboret,
504 1331 605 1407 quam
629 1308 687 1409 qui
716 1307 895 1409 ἐμβάδας.
944 1316 1058 1386 Immo
1081 1312 1226 1404 metuit,
1250 1335 1295 1384 ne

141 1417 288 1522 peroio,
312 1442 381 1517 quo
399 1417 477 1517 jam
499 1417 655 1512 laborat,
694 1421 725 1496 si
758 1423 918 1498 arctiores
940 1425 1142 1508 Λακανικας
1165 1417 1299 1524 gessen

140 1531 355 1607 intumesoat.

189 1761 254 1837 Vs.
281 1757 387 1836 1182.
437 1760 518 1858 Ipse
549 1783 684 1858 quoque
717 1755 899 1858 legendum
933 1757 1082 1834 credidit
1125 1762 1168 1846 ὡς
1202 1763 1297 1841 otro

7 1863 8 1874 ἵ
140 1893 242 1954 ποτε·
265 1869 364 1944 veluti
384 1877 508 1976 tempus
532 1869 723 1970 olim‘fuit,
748 1897 821 1947 cum
842 1871 985 1946 nondum
1008 1898 1079 1946 mus
1103 1899 1144 1946 ao
1164 1873 1299 1950 mustela

142 1994 236 2066 eset.
283 1987 373 2063 Nam
403 2011 466 2060 nec
497 1985 585 2060 bona
614 1982 740 2060 locutio
776 1989 818 2069 ὡς
845 1983 959 2079 οὕτω,
993 2012 1057 2060 nec
1077 1985 1165 2062 bene
1192 1987 1302 2063 encli-

141 2101 211 2176 tica
233 2099 353 2178 vocula
372 2127 459 2179 rore
485 2097 672 2173 orationem
692 2095 834 2175 orditur.

194 2311 260 2386 Vs.
287 2309 394 2388 1192.
436 2303 558 2410 ’Έχων
585 2307 627 2388 δέ
648 2337 715 2386 τοι.
764 2306 880 2383 Velim
903 2307 984 2410 libri
1009 2307 1174 2402 habeant,
1203 2311 1304 2412 tzar*

146 2451 195 2528 γε
216 2453 286 2502 ror.

194 2633 257 2732 vs.
285 2649 393 2730 1216.
443 2649 522 2732 Tltr
559 2649 736 2750 τραπέζας
775 2652 942 2752 εἰσφέρει.
993 2655 1052 2728 Sic
1084 2653 1219 2732 videtur
1246 2655 1302 2732 le-

141 2764 309 2870 gendum:
339 2764 407 2846 ulte
430 2763 605 2862 τραπέζας
634 2763 807 2862 εἶα-φέρει,
831 2765 861 2837 is
886 2768 980 2866 cujus
1004 2765 1040 2839 id
1062 2767 1096 2838 in
1117 2767 1177 2842 illa
1201 2767 1302 2842 domo

144 2877 249 2953 officii
288 2875 364 2952 fuit.
418 2874 540 2950 Paucis
575 2875 691 2951 verbis
736 2875 932 2950 festinanter
975 2891 1150 2952 coenatum
1188 2890 1302 2953 narrat

143 2985 316 3091 usquead
338 2986 469 3088 pocula.

194 3210 257 3284 Vs.
286 3205 394 3282 1223.
443 3206 486 3280 In
510 3202 653 3278 obscuro
675 3204 750 3278 loco
771 3202 836 3280 hoe
859 3218 973 3278 tamen
998 3205 1146 3283 tentavi:

293 3329 438 3424 ἴιληθεσς
464 3329 571 3415 οὐδεὶς
596 3334 757 3430 Διακρίων
783 3331 820 3410 δὲ
846 3328 997 3425 δέξεται.

149 3471 261 3551 itone!
289 3481 326 3546 ot
346 3469 569 3548 Dtocriomm
591 3471 697 3546 nullus
719 3471 799 3548 istos
824 3471 970 3575 excipiet.
1002 3471 1154 3549 Diacrios
1174 3469 1297 3546 dixisse

147 3586 285 3665 videtur
308 3612 407 3660 veros
431 3611 470 3658 ac
492 3585 653 3685 genuinos
674 3583 911 3678 Athenienses,
946 3584 1036 3658 cives
1062 3584 1196 3682 antiqua
1223 3580 1299 3656 vir-

147 3715 220 3778 tute
243 3724 283 3774 ac
308 3698 373 3774 lide
385 3726 396 3794 3
429 3721 513 3796 quos
536 3721 740 3804 persuasum¹
756 3694 879 3769 habeat
905 3693 1095 3769 istiusmodi
1120 3692 1299 3791 inquilinos

146 3816 238 3892 cives
263 3837 330 3887 non
354 3823 565 3910 excepturos.
614 3807 725 3884 Possit
748 3820 783 3882 et
801 3807 886 3908 legi:

667 3947 776 4035 auleis
801 3953 962 4051 Διακρίων
988 3979 1034 4053 γε
1057 3950 1208 4045 δέξεται·

146 4119 241 4172 nemo
263 4099 346 4168 certe
368 4087 588 4168 nunonem
611 4089 760 4194 ααρία.

194 4301 260 4375 Vs.
289 4297 397 4378 1221.
446 4294 508 4389 Ati·
537 4289 603 4391 soc
635 4290 787 4368 Cleonem
810 4317 860 4366 me
879 4317 957 4373 esse.

203 4513 265 4594 Vs.
292 4514 399 4594 1260.
446 4507 814 4614 Ὠν1μαθιςρέντῷ
841 4508 1046 4610 συμποσίῳ.
1082 4503 1202 4584 Adhuc
1220 4501 1305 4582 haee
