3002 5116
578 331 633 382 1u
676 329 951 397 σαυππε..
1255 320 1328 402 1051

221 526 288 599 Vs.
317 522 395 602 175.
446 521 684 621 Εὐδαιμοιιὶσω
715 522 769 623 γ’,
797 521 828 600 el
854 521 970 602 διασσ.
1018 525 1074 602 Ex
1097 551 1188 619 uno,
1211 553 1322 629 neque

169 637 219 712 ita
252 637 342 712 bono
372 650 489 716 uetere
525 637 613 712 libro
643 649 817 736 receptum
842 649 915 726 est,
956 635 1184 739 εὐδαιμονήσω
1216 644 1265 739 δ’,
1293 647 1322 724 ei

173 747 244 828 δια.
276 748 365 850 quod
396 750 425 824 si
451 750 507 829 vel
527 750 562 824 iu
592 751 739 838 cunctis,
761 748 924 848 particula
942 750 978 823 in
1004 777 1070 826 uno
1096 754 1203 849 foret,
1225 773 1323 857 post..

10 907 14 932 t
172 861 363 940 habendum
390 863 465 938 fuit.
513 861 662 938 Ironiam
686 859 858 958 eleganter
885 860 991 936 refert
1015 866 1199 964 particula,
1224 883 1317 946 utet
1346 947 1351 960 ,

172 975 209 1048 in
232 975 335 1048 simili
358 973 535 1063 buiclooo
557 977 624 1050 Ar.
653 973 746 1064 177,

295 1116 546 1216 ἀπολαύσομαί
570 1119 606 1194 ri
633 1123 685 1217 γ’,
712 1117 741 1194 el
765 1114 1086 1218 διαστραφήσομαι.

14 1296 20 1310 ·
171 1259 300 1336 Neuter
323 1285 442 1337 versus
461 1259 703 1360 interrogative
726 1256 899 1358 legendus.

219 1492 281 1570 vs
301 1487 385 1567 216.
436 1491 506 1564 Pro
525 1491 736 1590 μαγοιμαοῖσ
755 1484 1014 1589 legendum,ni
1045 1488 1162 1583 fallor,
1185 1515 1316 1590 μαγει-

168 1611 277 1706 prece·
1448 1611 1451 1618 ’

214 1805 277 1882 Vs.
301 1803 387 1879 282.
436 1799 490 1892 Ni
518 1802 573 1876 Δί’
602 1797 786 1900 ἐξαγαγών
822 1826 879 1900 γε.
926 1801 1004 1876 Non
1036 1801 1083 1875 ita
1116 1799 1315 1902 probabitur

168 1941 386 1999 numerorum
411 1913 606 2011 elegantiori
631 1912 667 1985 in
689 1907 833 1988 secunda
861 1912 1017 1986 carminis
1042 1912 1121 1988 sede
1146 1912 1312 2015 dactylus,

167 2030 235 2105 Vel
263 2027 326 2102 hoc
361 2025 495 2102 nomine
528 2024 647 2108 melius
678 2025 797 2124 legeS,
826 2022 961 2123 ἐξάγων
990 2053 1047 2124 γε.
1095 2028 1168 2103 Nec
1204 2028 1313 2128 magis

166 2143 299 2218 numeri
323 2136 483 2233 suadent,
514 2166 615 2238 quam
645 2140 770 2238 lingua.
818 2141 894 2215 Non
918 2139 1008 2237 quod
1032 2139 1138 2212 semel
1160 2139 1225 2214 iste
1250 2166 1314 2214 ex-

166 2257 282 2334 tulerit
306 2248 545 2356 (ἒξαγαγῶο),
569 2255 802 2352 Demagogus,
829 2250 891 2325 sed
915 2248 1005 2351 quod
1026 2248 1200 2325 itentidem
1224 2250 1312 2326 elle-

168 2381 224 2442 rat
247 2362 417 2470 (ἐξάγων)
442 2378 585 2445 notatur.
634 2365 714 2440 Jam
745 2364 914 2464 Reisigius
940 2365 1010 2466 legi
1034 2363 1141 2442 voluit
1161 2363 1311 2465 ἐξάγων.

167 2483 276 2586 Saepe
304 2485 340 2556 in
361 2481 425 2557 hac
448 2509 487 2557 re
508 2493 690 2584 peccarunt
713 2480 856 2557 librarii.

212 2715 275 2790 Vs.
298 2713 384 2790 296.
433 2712 484 2790 Σὸ
510 2711 543 2790 δ’
565 2717 661 2812 οὐχί.
707 2712 764 2788 Sic
786 2710 932 2809 legitur,
962 2707 1052 2808 quod
1076 2709 1156 2783 erit:
1178 2715 1214 2782 tu
1235 2735 1310 2783 vero

164 2849 276 2927 aegos.
325 2822 392 2900 Sed
414 2825 556 2918 melius,
580 2823 700 2916 credo,
723 2824 873 2923 legetur:
899 2822 946 2901 σι)
968 2821 1000 2900 δ’
1029 2823 1136 2924 οὐχὶς
1170 2827 1206 2894 tu
1232 2845 1310 2895 vero

165 2965 231 3014 non
244 2935 411 3036 fureret?
446 2937 526 3016 Vid.
553 2941 640 3014 Rau.
665 2937 748 3015 275.

213 3166 275 3244 Vs.
301 3165 385 3244 3t0.
436 3161 656 3272 Ejiciendum
679 3159 813 3239 uidetur
847 3164 994 3240 incertae
1026 3164 1063 3239 in
1095 3165 1192 3240 libris
1220 3163 1308 3242 sedis

163 3305 370 3383 pronomen:
396 3282 458 3357 καὶ
479 3279 545 3377 plu
569 3277 641 3377 tyn
668 3281 706 3354 ου’
728 3275 878 3377 tropico.

214 3511 276 3586 Vs.
301 3509 386 3586 421¹.
434 3509 593 3608 Legitur:

309 3639 366 3716 tal
390 3647 505 3714 ταῦτα
529 3635 610 3734 δρῶν
635 3631 815 3715 ἐλάνθανόν
838 3642 892 3736 γ’.

160 3779 220 3853 ubi
255 3805 322 3880 qua
355 3777 393 3856 vl
428 3776 591 3878 particula
621 3805 667 3879 γε
701 3772 809 3869 adsit,
840 3800 907 3848 non
938 3773 1036 3849 facile
1066 3774 1142 3877 quis
1174 3778 1307 3860 dixerit.

161 3891 231 3969 Sed
264 3919 373 3994 nequa
406 3894 443 3966 in
481 3891 582 3966 MSS.
618 3918 690 3966 esse
724 3915 890 3990 auguror;
926 3891 1091 3992 apriscis
1126 3893 1307 3971 editoribus
1366 3987 1371 3996 Ι

158 4031 379 4080 numerorum
402 4003 661 4079 sustentaculum
684 4005 858 4092 insertum.
908 4004 1089 4106 Scripsisse
1111 4008 1309 4112 Aristopha-

159 4144 242 4192 nem
266 4116 388 4192 credo:

306 4266 366 4343 tal
390 4274 507 4342 ταῦτα
529 4261 608 4364 tpatv
632 4261 812 4342 ἔλοὶιθαιοι
834 4263 887 4343 tto·

160 4402 335 4509 pluriomm
364 4403 511 4485 blebam.
561 4409 729 4508 Persaepe
753 4405 839 4486 haec
862 4405 980 4484 vocula
1004 4408 1052 4483 sic
1077 4411 1193 4507 ejecta.

1144 4538 1188 4613 rt
