3002 5116
546 432 559 474 .·
596 405 652 458 ru
686 401 899 460 roseus.
1280 380 1328 456 93

169 605 279 684 quum
318 577 478 654 dixisset:
524 577 666 656 adeunt
696 606 777 654 mox
807 579 950 683 collegae
977 587 1108 687 putrem
1141 579 1330 671 κνοοαὶκνίς
1408 590 1415 600 ’

172 695 309 785 sosias,
344 691 427 796 quid
457 691 537 768 or’s?
578 694 708 793 inquit,
743 702 782 768 ot
813 721 899 769 nunc
936 696 1066 799 paidom
1098 693 1157 768 νία
1187 693 1331 800 primum

176 804 397 911 crepusculum
422 815 478 884 est.
511 806 565 882 Ad
588 833 674 908 quoe
698 807 772 882 ille:
811 807 908 883 immo
931 834 1005 884 sero
1028 806 1123 883 hodie
1143 805 1222 882 lecto
1253 805 1331 880 sur-'-

177 945 309 1013 reaere,
333 919 465 1025 pondo
488 917 539 994 vel
567 947 591 993 α
617 917 724 994 medos
742 928 834 996 nocte
850 929 1091 1026 proetereuntes
1111 946 1183 996 mm
1200 943 1332 994 euocm

179 1031 331 1111 soloen

233 1277 295 1354 Vs.
321 1275 406 1351 218.
456 1270 655 1372 Legendum
676 1270 810 1349 videtur
832 1271 876 1349 ad
899 1273 1000 1351 MSS.
1021 1273 1179 1374 vestigia:

452 1414 495 1498 ὧν
518 1414 589 1493 ανδ
614 1415 729 1515 μέσαν
754 1420 880 1493 νυκτῶν
905 1423 1163 1512 παρακαλοῦν
1189 1410 1259 1493 dci.

149 1556 365 1662 ,Aeqrnlem
400 1555 547 1630 seniores
583 1582 746 1654 evocare,
782 1555 961 1648 ἐκκαλεῖν,
994 1555 1163 1649 solebant,
1196 1555 1335 1634 domum

179 1675 252 1773 ejus
274 1681 548 1772 praetereuntes,
569 1667 660 1770 (prod
683 1670 718 1742 in
743 1671 990 1772 praepositione
1014 1667 1111 1771 παραὶ
1134 1683 1195 1746 est.
1243 1670 1336 1748 Vide

180 1810 233 1863 rs.
256 1784 327 1860 270
352 1809 405 1882 sq.
454 1782 527 1857 Nec
551 1781 638 1854 ullus
659 1782 714 1855 hic
737 1781 829 1856 locus
854 1782 1036 1883 particulae
1061 1811 1128 1884 γε,
1164 1797 1199 1858 et
1228 1783 1336 1882 rerba

183 1896 409 1998 decomposita
434 1921 534 1996 saepe
559 1922 579 1969 a
602 1895 750 1969 librariis
774 1909 931 1996 corrupta
955 1896 1076 1990 fuere3
1110 1899 1256 1972 maxime
1278 1897 1339 1972 ubi

183 2013 305 2087 ultima
324 2009 461 2088 alterius
483 2010 740 2109 praepositionis
764 2011 861 2084 litera
886 2037 1066 2086 consonans
1087 2010 1206 2088 eadem
1225 2023 1336 2101 esset,

185 2151 273 2226 quae
304 2123 416 2225 prima
451 2120 563 2198 verbi.
612 2124 659 2196 Et
693 2120 795 2195 modo
832 2122 898 2197 fuit
932 2123 1077 2198 verbum
1112 2126 1333 2224 παρακαλεῖν·

185 2264 253 2340 quo
274 2237 406 2313 facilius
431 2235 539 2308 errari
561 2234 681 2334 potuit.

238 2461 300 2538 Vs.
326 2461 409 2540 251.
451 2463 498 2538 Ti
529 2458 666 2558 μαθῶνς
697 2459 799 2535 Attici
823 2458 945 2536 dixisse
968 2460 1145 2560 videntur,
1169 2465 1228 2539 ubi
1248 2463 1339 2541 male

185 2578 261 2680 quis
284 2590 421 2679 κρατεῖς
456 2581 493 2653 τί
516 2575 653 2668 radoin
678 2575 740 2648 ubi
763 2575 875 2653 stulte.

234 2803 298 2876 Vs.
318 2799 403 2875 325.
436 2794 608 2871 Philoclen
632 2817 738 2891 quum
761 2801 917 2891 precatus
942 2802 1047 2864 esset:
1084 2782 1109 2868 0
1133 2799 1218 2886 Ζεῦ,
1240 2799 1341 2886 ταῖν-

185 2917 245 2996 σίν
267 2941 314 3011 με
344 2913 481 2988 καπνόν·
506 2931 639 2981 memor
664 2905 747 2978 duos
771 2902 910 2978 Athenis
928 2928 1006 2979 ,esse
1030 2904 1178 2980 vanitate
1204 2908 1340 3009 conspi-

186 3053 289 3117 cuos,
313 3026 372 3124 qui
397 3023 520 3101 καπναί
543 3019 760 3109 dicerentur,
782 3040 950 3116 perquam
975 3013 1116 3093 ridicule
1140 3016 1252 3096 addit:
1282 3045 1339 3095 scu

186 3139 345 3220 Proxeni
356 3138 489 3238 filium,
514 3161 570 3210 sea
595 3131 676 3208 Seni
685 3130 801 3230 facere
823 3156 873 3203 me
892 3127 1000 3207 mols.

237 3358 302 3432 vs.
326 3357 411 3432 385.
460 3350 548 3450 Legi
573 3348 678 3424 etsie
702 3357 836 3448 posset:

678 3493 758 3582 uui,
782 3484 992 3589 μανθάνετ’;
1023 3489 1061 3583 ἤν
1083 3518 1120 3566 τι
1139 3485 1240 3568 πάθω
1262 3487 1338 3590 ’ρκ’ν.
1414 3505 1416 3517 “

189 3639 243 3716 Ut
265 3635 302 3709 in
326 3632 483 3711 Terentii
506 3645 557 3707 est
580 3632 724 3710 Andria:

755 3782 916 3864 propera.
947 3761 1069 3858 utque,
1097 3753 1232 3830 nediu?

310 3885 441 3964 nubum
461 3911 561 3960 uuum
582 3912 659 3961 cave
681 3885 722 3960 de
748 3884 879 3991 nuptus.

189 4030 250 4110 Sic
269 4045 320 4106 est
343 4027 548 4131 μανθανναρ
574 4033 661 4106 Ran.
686 4030 767 4104 195.

240 4251 301 4324 vs.
325 4249 398 4325 1200
415 4275 465 4348 sq.
498 4245 612 4346 Vulgo
632 4243 716 4319 hoec
734 4243 783 4317 sic
799 4244 975 4342 leguntur,
991 4253 1030 4314 ut
1047 4241 1170 4340 quibus
1187 4257 1341 4318 vertente

192 4363 253 4438 illo
275 4387 362 4438 anno
381 4360 511 4463 judicia
537 4361 651 4432 futura
676 4370 809 4451 essent,
830 4353 1097 4456 Smicythionem
1123 4353 1247 4429 dixerit
1257 4353 1344 4429 Phi·

194 4477 322 4576 locleo,
346 4471 529 4574 Tisiaden‚
544 4468 1066 4568 Chremonem,Pheredipnum.
1105 4467 1236 4542 Verum
1259 4465 1345 4568 hos,
