2948 5114
481 339 530 391 ιε
564 336 936 392 urciso-narnus·
1226 317 1272 392 17

114 536 297 644 proficisci
303 562 317 630 ,·
347 532 405 609 sed
430 533 550 608 alicubi
569 533 668 636 lepori
690 559 804 608 munus
829 533 936 621 obsim
964 557 1027 609 nac
1052 534 1177 634 inguim
1201 537 1275 612 vui
1396 537 1400 546 '

121 653 338 745 ebriosus,
363 675 431 750 quo
456 649 560 747 legati
583 662 680 744 eant3
713 647 772 724 sed
798 648 964 748 legatione
988 647 1098 722 ebrios
1118 648 1169 721 ibi
1192 651 1274 724 fun-

122 769 188 866 gi,
221 765 278 837 uhi
312 763 415 862 legati
447 775 558 860 agant.
608 765 701 839 Bene
725 763 760 834 in
785 763 906 838 Avium
929 760 1055 860 leffisur
1079 786 1129 840 vs.
1154 764 1276 854 1566,

128 879 167 958 oi
188 880 442 977 πρεσβεύομεν,
468 872 558 977 quod
583 875 632 947 ibi
656 890 728 951 est:
764 902 829 978 quo
852 873 953 976 legati
974 872 1079 962 imus;
1109 874 1198 976 quod
1222 877 1274 976 ip·

128 1021 205 1068 sum
241 994 328 1094 bene
359 991 414 1064 hic
446 998 639 1088 ποιεοοιχοῦ
676 988 744 1086 legi
775 987 881 1066 docet.
931 985 999 1064 Sed
1024 1002 1057 1060 et
1081 987 1170 1087 quod
1192 1015 1274 1064 mox

131 1123 202 1184 est:
239 1110 322 1187 ὅταν
360 1106 506 1204 ἔλθωμεν
542 1106 588 1186 εἷο
627 1105 869 1198 nonacrim
904 1114 968 1177 etc.
1015 1099 1110 1174 docet
1145 1101 1270 1201 legatos

132 1223 191 1297 hic
229 1221 317 1316 dici,
363 1221 422 1322 qui
452 1222 526 1320 jam
559 1215 746 1307 advenere,
790 1238 857 1314 quo
903 1211 1005 1310 legati
1046 1212 1190 1303 fuerint,
1237 1239 1276 1288 ac

137 1363 275 1414 munere
312 1339 520 1436 funguntur,
569 1358 633 1406 non
665 1330 708 1405 de
741 1330 802 1419 iis,
843 1329 900 1427 qui
938 1327 1037 1400 etiam
1075 1329 1111 1400 in
1155 1329 1275 1405 itinere

133 1463 219 1528 suut.

180 1697 244 1772 Vs.
270 1695 373 1770 1259.
423 1697 487 1772 Κο)
522 1695 594 1771 aur
625 1704 690 1769 τῶν
714 1699 842 1772 σκελοῖν
867 1693 979 1791 ἀφρὸς
999 1693 1088 1770 iero.
1142 1693 1275 1768 Nomen

132 1809 267 1905 ἀφρός,
289 1807 376 1908 quod
404 1834 482 1880 mox
507 1805 612 1880 adfuit
636 1833 685 1883 vs
716 1808 831 1894 1257,
862 1810 992 1909 ejecere
1015 1807 1205 1881 Bruuckius
1237 1835 1277 1881 uc
1397 1897 1401 1902 Ι

130 1921 326 1998 Bekkerus.
375 1919 534 1993 Ceterum
561 1917 673 2006 abest,
698 1943 758 1993 seu
778 1918 891 2009 adest,
915 1943 1031 1992 sensus
1057 1921 1139 1993 erit:
1173 1919 1278 1992 mulia

132 2033 175 2108 de
199 2029 347 2106 erardus
371 2029 523 2104 manabat
546 2058 672 2135 spania.
723 2033 835 2120 Satis,
859 2031 977 2123 credo,
1003 2033 1098 2107 ferox
1118 2033 1153 2105 in
1176 2059 1276 2133 proe-

132 2145 182 2219 lio
213 2145 296 2236 fuit,
343 2145 397 2219 cui
438 2143 567 2221 ardenti
607 2147 717 2227 πολὺς
761 2145 864 2244 ἀμφὶ
895 2149 961 2228 ricc
998 2151 1123 2241 γένοοοο
1162 2146 1276 2243 decipis

137 2259 235 2354 ἤνθει·
261 2285 305 2332 ne
328 2255 496 2360 postules,
519 2256 562 2332 de
587 2256 740 2332 cruribus
770 2284 902 2357 quoque
923 2273 962 2333 ut
986 2257 1122 2335 defluat.
1166 2261 1276 2336 Prac-

138 2387 234 2446 terea
271 2371 298 2442 si
335 2369 476 2470 cogites,
513 2383 547 2444 et
577 2371 613 2443 iu
649 2370 819 2446 veteribus
855 2370 953 2446 editis
976 2399 1016 2445 ac
1039 2397 1142 2444 manu
1166 2370 1274 2472 scrip·

140 2486 183 2558 tis
219 2483 314 2557 libris
345 2507 465 2556 nomen
502 2509 599 2570 esse,
635 2510 698 2558 nec
712 2467 718 2480 Χ
731 2509 849 2559 veram
882 2512 957 2559 eam
991 2486 1168 2560 lectionem
1203 2503 1276 2558 esse

134 2626 255 2700 posse,
297 2611 371 2704 turn
411 2595 501 2696 quod
534 2596 625 2672 idem
659 2623 782 2672 nomeu
823 2597 923 2673 modo
959 2600 1049 2688 fuir,
1084 2611 1166 2690 tum,
1190 2596 1280 2696 quod

135 2712 360 2814 pugnantibus
380 2738 446 2784 non
469 2736 588 2812 spuma
614 2708 657 2786 de
679 2713 831 2785 cruribus
855 2729 985 2811 manut5
1016 2715 1156 2788 fortasse
1186 2738 1282 2787 acce-

135 2826 198 2902 des
219 2826 386 2917 currenti,
408 2849 472 2923 pro
504 2823 616 2926 ἄφρόε
652 2827 827 2900 Gomicum
860 2826 950 2900 uliud
976 2851 1097 2902 nomen
1124 2823 1280 2912 dedisse,

136 2939 243 3014 veludi
274 2935 372 3035 ἵδρυε
407 2959 468 3010 seu
486 2934 573 3019 11οο.
624 2937 726 3012 Certe
754 2938 928 3038 praeclare
951 2953 1045 3040 gesta
1071 2963 1110 3014 re
1138 2935 1282 3036 Ulyssos

138 3063 174 3124 et
206 3049 389 3125 Diomedes
425 3050 460 3122 iu
493 3064 600 3126 castra
629 3049 769 3126 reduces
806 3051 883 3152 11ρῶ
920 3055 1050 3136 πολλὸν
1083 3052 1282 3150 ἀπεοὶζοεεο

137 3161 305 3263 θαλάσσῃ
331 3165 461 3262 mdccc
484 3193 524 3244 τε
547 3169 673 3267 μηρούς
696 3195 761 3255 οε,
787 3165 886 3241 Iliad.
912 3170 959 3244 Κ.
986 3169 1070 3245 573.

185 3424 249 3497 Vs.
281 3423 386 3498 1269.
439 3423 651 3508 ’Adonim
700 3427 885 3530 Scripsitue
916 3419 1154 3530 Aristophanes
1187 3377 1282 3508 aas·

142 3556 267 3630 vexas»
298 3551 355 3628 ved
384 3551 595 3654 εὀλοπεοοοῖνς

192 3799 254 3878 Vs.
289 3795 393 3876 1303.
441 3791 505 3876 Eia
531 3800 647 3898 μάλα.
696 3801 792 3876 Haec
820 3801 920 3876 lectio
958 3828 999 3878 eo
1035 3802 1169 3878 nomine
1203 3828 1286 3912 uera

143 3939 217 3986 esse
251 3937 317 3982 non
356 3923 487 4010 potest,
515 3909 604 4009 quod
637 3909 739 3988 dictio
752 3912 871 4011 ,μάλα
899 3927 934 3988 et
955 3917 1050 4014 μάλ’
1073 3913 1192 4007 αὖθις,
1218 3941 1285 3990 non

142 4023 208 4098 nisi
236 4019 372 4097 iteratae
404 4021 632 4097 exclamationi
661 4017 806 4104 additur.
856 4025 920 4098 Vel
950 4027 1111 4104 excidisse
1136 4029 1289 4103 versicu-

143 4138 199 4214 lus
226 4134 377 4216 ridetur:

441 4271 466 4357 (il
490 4275 568 4368 ldae

438 4405 492 4488 εἷοο
515 4406 608 4508 μάλ’
631 4407 741 4506 ἔμβα·
