2948 5114
231 427 281 504 hh
595 441 996 502 oasnnvauronss

235 645 515 732 conmutato
536 657 701 735 Bekkero
732 659 876 758 ejectus3
911 653 995 728 mihi
1018 649 1154 752 quidem
1180 670 1417 750 persuasum

236 781 309 861 est,
342 796 422 844 eum
457 800 477 845 a
507 775 608 873 poita
634 773 797 874 scriptum
831 797 916 845 esse.
963 769 1051 844 Nam
1075 789 1138 839 nec
1159 780 1415 836 numerorum

237 881 436 982 elegantiam
459 883 596 978 adesse,
620 886 799 984 quisquam
823 893 944 982 neget,
975 891 1010 954 et
1030 875 1187 951 orationis
1214 874 1412 974 inestvis

237 991 275 1067 in
301 993 373 1070 his:
399 993 565 1096 μάλιστα
593 999 659 1094 μὲν
680 1045 726 1062 -
748 995 784 1091 ἣν
809 993 847 1074 dt
877 1033 916 1046 -
950 1016 991 1066 oo
1019 988 1160 1064 maxime
1184 987 1316 1092 quidem
1343 1034 1410 1052 -

236 1105 288 1182 tin
312 1115 369 1187 ¹-.
412 1111 486 1187 Nec
506 1109 661 1184 carminis
687 1107 770 1184 haec
799 1121 849 1182 est
873 1103 1056 1182 sententia:
1084 1127 1125 1176 oo
1143 1099 1285 1176 maxime
1306 1103 1408 1206 qui-

233 1219 312 1294 ·dam
336 1227 402 1296 noo
425 1219 678 1324 himelconem
717 1247 839 1304 verum
863 1219 965 1296 haec:
1003 1243 1045 1292 oc
1078 1213 1219 1290 moriare
1250 1213 1408 1318 quadem

238 1331 409 1407 leoninum
434 1335 530 1409 illum
560 1333 706 1409 catulum
740 1361 805 1409 non
837 1333 975 1408 educare
1004 1329 1143 1422 honen,
1184 1327 1316 1419 idest,
1353 1344 1405 1404 ut

239 1445 294 1520 leo
329 1447 470 1546 evadat3
510 1471 597 1554 quac
631 1449 709 1524 satis
739 1449 861 1524 usitata
895 1460 945 1522 est
982 1441 1145 1546 ejusmodi
1177 1442 1403 1534 verborum,

240 1561 339 1660 quale
364 1565 500 1664 τρέφειν
532 1579 602 1657 est,
632 1567 841 1641 constructio.
890 1557 993 1638 Unde
1012 1572 1047 1634 et
1064 1585 1143 1632 mox
1162 1559 1404 1666 compositum

241 1673 387 1750 verhum
414 1685 466 1751 cst
495 1676 718 1774 ἐκτραφῆναι.
769 1679 813 1750 Et
844 1673 934 1776 quod
960 1674 995 1748 iu
1022 1673 1130 1748 trihus
1157 1673 1253 1748 libris
1281 1676 1401 1752 MSS.

1457 1683 1459 1740 l

241 1810 379 1862 carmen
404 1815 470 1865 non
505 1792 652 1890 legitur,
683 1791 782 1866 facilc
815 1787 969 1865 excidere
994 1812 1112 1863 versus
1138 1788 1264 1888 potuit,
1292 1789 1402 1888 cujus
1458 1887 1459 1892 Ἰ

241 1909 312 1972 tres
342 1899 481 1978 ultimae
504 1931 603 1981 voces
633 1903 771 1982 eaedem
793 1915 927 1996 essent,
958 1927 1043 1999 quae
1066 1900 1224 2002 proximi.
1273 1903 1401 1976 Immo

240 2011 444 2112 miraretur,
467 2020 526 2118 qui
543 2019 689 2094 multum
704 2017 834 2096 oodlees
851 2026 973 2090 tractat
986 2014 1086 2090 Mss.
1106 2014 1134 2087 si
1151 2011 1260 2086 nullus
1277 2015 1400 2115 scrip-

240 2137 295 2199 tus
316 2125 404 2203 liher
434 2156 501 2204 nou
529 2131 679 2210 haberet.
729 2131 831 2222 Adeo}
853 2155 954 2230 saepe
982 2129 1018 2202 iu
1046 2125 1109 2203 hac
1142 2155 1180 2202 re
1207 2142 1398 2228 peccarunt

240 2237 382 2320 librarii.
434 2244 537 2346 Tales
561 2245 666 2346 igitur
688 2271 806 2322 versus
826 2241 981 2318 excidere
1002 2267 1124 2344 posse,
1156 2240 1254 2314 facile
1284 2241 1396 2313 intel-

240 2351 349 2452 ligas3
373 2353 559 2430 lubidinem
583 2383 787 2456 quemquam
812 2358 959 2430 tenuisse
990 2353 1155 2449 cudendi,
1193 2381 1258 2428 non
1290 2354 1392 2431 item.

243 2462 363 2558 Quid?
389 2463 479 2564 quod
503 2493 581 2541 cum
603 2467 782 2568 Euripides
811 2481 879 2540 tres
909 2493 1026 2542 versus
1052 2466 1220 2558 recitarit,
1247 2465 1391 2540 totidem

244 2587 279 2648 et
306 2577 510 2680 Aeschylum
538 2580 739 2684 depromere
770 2580 906 2656 decuit?
940 2582 1095 2680 Denique
1117 2609 1180 2656 nec
1205 2578 1269 2654 hoc
1292 2579 1392 2654 nihili

244 2702 317 2783 cst,
349 2689 440 2790 quod
479 2691 600 2769 horum
639 2721 800 2771 versuum
838 2720 918 2767 mox
954 2691 1108 2768 laudatur
1136 2693 1307 2791 σαφήνεια
1339 2719 1391 2769 rs.

245 2803 360 2899 1430,
382 2821 425 2883 ‘et
448 2809 538 2909 quod
561 2811 740 2887 Plutarcho
764 2811 801 2883 in
820 2807 915 2885 Nicia
937 2836 972 2909 p.
996 2809 1064 2884 199
1082 2813 1121 2886 Α.
1146 2809 1245 2908 podta
1268 2806 1392 2880 dicitur

244 2924 384 3013 μᾶλλον
414 2926 459 3021 τῇ
487 2930 629 3024 ὑπονοίᾳ
660 2925 794 3024 πιέζων.
847 2919 915 3005 Sed
940 2947 1049 3020 neque
1078 2923 1272 2994 Hermanno
1292 2921 1392 2995 facile

246 3030 432 3128 adsentiar,
467 3038 525 3136 qui
547 3038 687 3112 Comioo
708 3034 915 3114 vindicatum
940 3059 1076 3108 carmen
1098 3031 1222 3107 Bacchi
1239 3033 1391 3134 partibus

246 3141 323 3218 addi
350 3147 466 3226 voluit.
526 3153 595 3225 Pro
626 3150 732 3224 altero
759 3153 895 3248 τρέφειν
929 3145 1076 3248 propter
1098 3145 1279 3220 verborum
1311 3171 1391 3220 seu-
1456 3181 1457 3222 r

245 3256 386 3331 tentiam
419 3261 487 3361 legi
511 3265 615 3339 velim
644 3265 830 3361 ’κτρέφειν
854 3262 918 3335 nisi
945 3261 1031 3333 forte
1055 3282 1152 3332 aures
1180 3255 1326 3332 offendat
1353 3257 1389 3332 iu

247 3394 315 3442 uuo
344 3376 494 3449 carmine
529 3378 583 3474 sic
605 3379 774 3478 geminata
798 3369 963 3468 ἔνθλιψις.
1014 3373 1082 3445 ΡΓΟ
1109 3368 1271 3468 ἐκτραφῇ
1294 3369 1388 3444 deni·

248 3507 315 3580 que
338 3485 428 3586 apud
451 3490 669 3566 Plutarchum
692 3488 782 3589 quod
803 3489 925 3587 legitur
947 3485 1120 3582 ἐκτρέφῃ,
1150 3482 1235 3557 mihi
1251 3483 1388 3584 quidem

248 3598 306 3672 illu
342 3599 443 3675 lectio
473 3630 678 3706 magnopere
708 3600 928 3704 improbanda
958 3599 1121 3691 videtur3
1164 3600 1318 3698 quamvis
1354 3613 1389 3673 et
1455 3693 1456 3722 1

252 3822 290 3904 tt
315 3826 506 3931 ἀνατρέψῃ·
530 3833 565 3906 ni
585 3835 697 3934 potius
718 3833 850 3932 scripsit
873 3830 1067 3930 ἀνατραφῇ.
1119 3821 1208 3906 Nam
1232 3833 1267 3903 et
1288 3851 1389 3927 prac—

250 3943 389 4018 teritum
416 3950 599 4046 requiritur
624 3949 723 4025 rcrhi
755 3959 909 4047 tompus;
943 3949 1020 4041 (non
1051 3943 1140 4017 enir'n
1166 3941 1226 4040 qui
1247 3939 1390 4014 candum

253 4056 353 4130 etiam
388 4065 517 4159 nutrit,
551 4062 583 4138 ci
606 4064 772 4138 inservire
804 4061 958 4162 cogiturf,
986 4055 1045 4131 scd
1076 4057 1135 4154 qui
1161 4056 1235 4155 jam
1260 4055 1389 4128 leonem
1454 4113 1455 4140 ἦ

233 4159 422 4270 educavit)
434 4228 447 4267 ,
484 4202 546 4250 nec
577 4202 688 4252 sermo
707 4187 763 4249 'cst
789 4171 831 4248 de
860 4159 980 4268 leone,
1018 4195 1120 4268 quem
1157 4168 1241 4244 civis
1274 4165 1388 4263 uliquis

252 4283 416 4380 enutriat,
445 4288 504 4364 sed
535 4291 594 4389 qui
623 4291 666 4366 ah
698 4301 766 4364 tota
791 4288 927 4366 civitate
945 4284 1111 4386 *enutrias
1135 4277 1248 4357 fuerit
1288 4281 1386 4354 'Tum
1454 4329 1455 4359 r

252 4397 410 4476 citantem
440 4417 610 4480 auctorem
634 4404 799 4479 h'hrorum
823 4401 1009 4478 auctoritati
1032 4412 1254 4500 anteponere,
1285 4419 1385 4493 grave

251 4528 314 4594 cst.
333 4555 373 4570 -
395 4512 465 4593 Sed
496 4531 531 4594 ct
554 4517 710 4595 Valerius
733 4520 924 4614 Maximus,
949 4513 1010 4590 uhi
1027 4508 1257 4612 Aristophanis
1278 4503 1385 4583 laudat
