3002 5116
623 349 858 416 ruavus.
1271 337 1319 413 89

159 551 243 628 illud
283 560 373 625 certe
402 543 561 620 mentitus
593 543 693 619 foret.
752 541 894 618 Licebat
927 542 1017 618 enim
1053 539 1193 616 Athenis
1227 552 1316 648 patri

155 661 320 738 morienti
343 656 444 732 notho
468 657 539 729 filio
567 657 745 756 pecuniam
770 653 875 747 dare,
906 680 994 755 quae
1019 655 1069 734 rb
1092 654 1202 734 rotata
1221 657 1318 738 dice-

159 781 309 871 bantur,
347 800 433 872 quae
476 769 570 844 mille
614 769 791 844 drachmas
829 797 896 844 non
940 767 1140 846 excederent
1187 777 1318 876 (μέχρι

162 898 288 994 χιλίων
311 881 509 987 δραχμῶν).
547 883 654 982 lgitur
678 881 768 980 quod
793 882 829 956 in
851 884 1023 983 plerisque
1049 881 1169 978 editis,
1195 900 1317 986 atque,

162 1003 380 1092 studetur,
419 1003 455 1073 in
491 998 624 1096 scriptis
658 995 754 1069 libris
778 1010 851 1085 est,
884 997 1029 1072 verbum
1055 994 1318 1091 ἐξαπνθννίσκενν

162 1145 241 1194 cum
265 1142 391 1218 pravae
414 1125 511 1186 notae
536 1109 600 1199 sit,
626 1111 722 1184 unice
748 1135 832 1186 vera
855 1107 1009 1202 videtur,
1035 1134 1122 1209 quae
1143 1111 1317 1214 scaligero

162 1245 241 1308 nota
263 1231 329 1304 fuit
352 1226 474 1304 lectio:

430 1337 514 1440 νόθῳ
548 1335 759 1428 'aelric-nor.

162 1470 379 1571 sicquidem
401 1466 533 1566 roganti
568 1462 730 1540 Herculia
766 1459 874 1564 quid?
913 1461 1064 1566 ripoler
1087 1465 1169 1540 melu
1194 1465 1315 1561 notho,

159 1613 260 1691 quam
283 1582 492 1684 relinqueret,
512 1576 681 1682 pecuniam
705 1581 773 1678 (rh
799 1573 990 1678 χρήματα)
1014 1575 1139 1678 legaret
1175 1583 1254 1681 (abr
1275 1579 1315 1662 tt

160 1703 277 1800 ἀρχὴν
311 1704 382 1778 τοῖς
417 1698 591 1792 γνησίοις,
625 1704 664 1764 ut
688 1691 775 1766 bene
799 1690 997 1767 scholiastes
1023 1694 1179 1770 Herculis
1205 1693 1313 1773 verba

154 1806 332 1912 supplet);
355 1805 607 1896 Pisthetaerus,
638 1831 700 1906 per
733 1803 834 1904 legem
866 1804 903 1878 id
937 1805 968 1878 ei
989 1833 1053 1880 non
1076 1805 1194 1898 licere,
1227 1833 1312 1884 vere

149 1922 378 2026 responderit.
414 1923 459 1992 Et
484 1916 527 1990 de
548 1917 640 1990 omni
662 1918 803 2015 pecunia
829 1943 1020 1994 sermonem
1040 1919 1096 1995 hic
1121 1947 1219 2014 esse,
1245 1946 1313 1995 nou

157 2035 202 2112 de
227 2035 323 2112 mille
342 2035 413 2108 istis
437 2029 623 2123 drachmis,
646 2057 666 2104 e
691 2055 793 2104 versu
815 2043 909 2130 patet
936 2033 1050 2126 1658,
1076 2027 1289 2116 ὅΠνό-ενδῶν

286 2163 467 2256 ἀνθέξεταί
488 2190 553 2237 σον
580 2163 647 2237 τῶν
673 2160 839 2260 πατρῴων
872 2159 1078 2261 χρημάτων.

160 2295 231 2388 Qui
266 2295 356 2367 enim
389 2291 558 2391 legitimus
591 2288 702 2379 filius,
739 2301 874 2362 mortuo
904 2304 1023 2390 patre,
1054 2303 1194 2392 paterna
1222 2289 1312 2367 bona

162 2409 232 2509 (rh
248 2403 439 2506 χρήματα)
453 2402 618 2491 vindicat,
642 2428 708 2476 non
730 2417 840 2503 potest
862 2417 996 2504 patrem
1020 2418 1136 2481 vetare
1158 2405 1312 2481 morien-

159 2533 230 2594 tem
249 2519 349 2592 notho
367 2519 438 2592 filio
461 2544 524 2618 per
545 2541 662 2590 manus
682 2515 781 2610 dare,
806 2515 896 2614 quod
914 2516 969 2592 lex
986 2519 1065 2592 sinit
1083 2517 1306 2621 (χρήματα).

206 2705 269 2781 Vs.
311 2705 416 2780 1669.
467 2703 535 2776 Pro
568 2704 682 2778 clrior
725 2700 813 2774 bene
850 2726 870 2774 e
904 2701 1006 2779 MSS.
1042 2718 1179 2804 recepta
1211 2705 1312 2784 lectio

156 2820 282 2896 aleier.
332 2817 495 2890 Ceterum
530 2813 631 2908 vide,
666 2840 708 2886 an
742 2811 778 2886 id
809 2837 932 2886 nomen
966 2814 1015 2888 sic
1049 2813 1231 2914 legendum
1266 2821 1312 2894 sit

158 2933 277 3030 ξένεννιν
300 2930 488 3025 (detersae).
537 2930 606 3002 Pro
639 2926 749 3026 δέμας
780 2925 946 3004 ἀεικέλιον
971 2925 1008 2998 in
1032 2925 1205 3026 Euripidis
1232 2933 1310 3006 An..

149 3047 267 3121 drom.
287 3046 356 3120 130
380 3041 482 3117 scribi
506 3041 611 3116 voluit
634 3042 737 3114 metri
761 3041 847 3115 ratio
870 3039 1021 3138 ᾁνέλννν·
1043 3065 1107 3138 pro
1126 3039 1247 3128 ἀεικῶς
1274 3044 1314 3118 in

156 3157 330 3259 Sophoclis
353 3157 406 3232 El.
435 3156 527 3243 102,
553 3151 660 3234 οὕτως
684 3153 775 3251 dude
799 3155 939 3250 οἰκτρῶν
962 3182 1002 3229 τε
1024 3151 1191 3238 θανόντος.
1238 3157 1313 3232 Nec

156 3272 242 3366 fuit,
262 3298 322 3346 cur
344 3268 507 3343 Hercules
530 3267 734 3366 fingeretur,
755 3279 928 3366 comperto
944 3267 1038 3366 jam,
1063 3292 1156 3359 sese,
1176 3282 1315 3372 epatre

158 3387 338 3460 tribulibus
371 3410 437 3456 non
468 3380 697 3482 adscriptum,
730 3382 871 3456 nothum
896 3409 989 3475 esse,
1020 3385 1134 3463 alaier
1157 3387 1313 3483 βλέπων.

161 3501 326 3589 Cuinam‚
344 3523 485 3598 quaeso,
504 3497 647 3573 verbera
668 3499 875 3570 minaretur?
901 3521 967 3569 uon
988 3497 1077 3570 euim
1094 3501 1185 3598 patri
1201 3501 1311 3574 lovi?

158 3614 276 3690 Potius
294 3611 413 3702 credo,
439 3637 479 3685 eo
499 3612 594 3686 vultu
614 3611 798 3685 Herculem
817 3610 940 3704 fuisse,
964 3636 1031 3710 quo
1056 3623 1090 3684 et
1114 3624 1211 3703 sunt,
1233 3610 1316 3712 qui,

158 3753 240 3802 cum
275 3727 402 3828 aliquos
436 3727 573 3827 spiritus
608 3726 807 3825 gessissent,
840 3724 950 3796 subito
978 3749 1015 3796 se
1049 3721 1211 3796 demissos
1237 3751 1313 3802 esse

158 3841 388 3940 comperiuut;
424 3853 458 3914 et
481 3839 561 3939 qui,
595 3864 674 3910 cum
712 3861 835 3934 magna
859 3849 1048 3934 sperassent
1083 3836 1314 3934 petissentve,¹
1401 3905 1407 3922 ,

157 3951 256 4026 foede
278 3979 338 4053 spe
363 3955 517 4053 ausisque
548 3949 753 4025 exciderunt.
804 3948 967 4021 Ceterum
990 3961 1028 4020 ut
1049 3947 1106 4022 hic
1128 3949 1313 4026 Herculem

157 4063 385 4140 Pisthetaerus
421 4065 571 4138 nuntiato
605 4062 694 4137 malo
718 4073 830 4160 rogat:
866 4064 905 4137 ci
926 4059 1015 4150 δῆτα
1038 4060 1107 4139 ἄνω
1131 4066 1312 4164 nemrot}

158 4181 208 4253 sic
244 4179 281 4253 iu
310 4179 418 4252 Plauti
456 4173 672 4270 Cistellaria,
709 4201 829 4252 servus
863 4172 974 4248 lenam
999 4202 1078 4249 cum
1102 4175 1311 4271 edoctusset,

158 4321 245 4398 quae
269 4293 353 4372 baec
373 4319 543 4394 uunquam
564 4292 638 4366 fore
662 4292 797 4390 opinata
819 4300 912 4382 erat,
935 4303 1053 4390 rogat:

381 4420 462 4528 quid
483 4447 567 4498 mom
591 4419 710 4525 supino
732 4445 841 4496 susum
866 4416 899 4494 iu
924 4415 1045 4496 coelum
1069 4415 1255 4522 conspicui?

1150 4547 1193 4620 12
