3002 5116
576 379 632 432 1n
680 373 887 434 vescas
1259 365 1308 440 95

150 597 192 648 ac
223 571 385 647 tabellam
419 598 522 646 manu
559 585 652 646 tenet
688 575 760 673 (νε.
793 569 906 666 529),
939 597 979 644 ac
1015 569 1156 646 subinde
1190 573 1307 648 scribit

152 690 224 790 (vs.
241 688 331 777 559,
349 683 464 780 576),
482 686 560 785 qui,
585 711 737 785 quaeso,
759 684 788 755 is
815 696 850 756 et
866 681 1017 782 gladium
1037 695 1153 756 tenere
1171 685 1303 784 potuit?

151 799 284 892 Quibus
306 800 535 898 argumentis,
566 799 594 872 si
619 824 703 898 opus
727 811 802 888 est,
841 796 945 870 etiam
968 795 1033 870 boc
1057 793 1178 888 addas,
1214 797 1304 898 quod

150 912 314 1010 particula
338 941 384 1011 γε
407 912 488 1015 (nol
508 917 610 1011 ξίφος
632 918 673 1012 γ’
699 909 777 1007 ἐμοὶ
802 906 898 1004 δότε)
923 908 1110 982 orationem
1130 909 1304 1009 excipien-

150 1023 196 1132 tis
218 1049 380 1124 personae
401 1023 501 1101 index
525 1023 630 1101 adest.
673 1025 784 1124 Magis
809 1022 1020 1113 mirandum,
1044 1048 1111 1096 non
1133 1024 1317 1100 sublatum

150 1133 277 1212 dudum
300 1137 405 1212 fuisse
428 1137 588 1212 dramatis
614 1137 760 1230 vitium,
793 1161 872 1209 cum
908 1133 996 1208 senis
1030 1162 1069 1210 ea
1101 1134 1205 1210 fuisse
1224 1139 1303 1237 jam

150 1250 333 1348 Berglerus
353 1251 541 1343 censuerit,
575 1263 612 1323 ut
643 1262 677 1323 et
709 1276 752 1324 ex
784 1249 825 1322 iis
849 1261 960 1348 patet,
989 1273 1075 1348 quae
1102 1249 1237 1350 scripsit
1261 1249 1305 1326 ad

150 1388 202 1440 νε.
227 1365 321 1457 7111,
345 1378 379 1438 et
401 1361 462 1438 ubi
483 1391 534 1442 νε.
559 1367 634 1442 524
657 1363 874 1465 Bdelycleoni
900 1361 975 1438 dari
999 1363 1115 1440 voluit.

196 1611 259 1686 Vs.
284 1606 369 1684 572.
419 1609 537 1706 Ἀροδς
562 1610 671 1706 (bovi.
712 1609 828 1683 Potest
858 1607 1014 1682 Comicus
1051 1606 1216 1706 scriptum
1237 1603 1303 1681 de-

148 1719 238 1797 disse
263 1719 360 1821 δρνδς
384 1718 500 1818 delfi.
534 1723 607 1797 Nec
629 1733 769 1796 venuste
793 1720 829 1793 in
849 1745 916 1792 uno
935 1745 1039 1794 versu
1061 1717 1154 1794 idem
1177 1743 1303 1795 nomen

149 1833 203 1908 bis
236 1833 379 1932 legitur,
414 1846 450 1907 et
479 1833 544 1908 erit
577 1832 645 1927 sic,
681 1834 734 1907 cui
766 1829 969 1933 respondeat
996 1858 1075 1909 mox
1098 1859 1220 1908 nomen
1251 1836 1303 1914 et

140 1946 321 2050 ,χοορὶδοοο

198 2175 262 2254 Vs.
285 2173 370 2252 576.
419 2173 626 2274 corruptum
661 2172 698 2246 in
729 2172 825 2246 libris
861 2188 1011 2250 metrum
1050 2189 1085 2251 et
1120 2177 1169 2250 sic
1193 2177 1305 2254 sanari

151 2289 275 2392 possit:

278 2416 431 2516 δεύτερον
452 2411 502 2494 οὗ
522 2417 623 2494 τοοτ)
643 2412 858 2517 γράψωμαι.

168 2755 170 2762 Α
196 2647 259 2724 Vs.
283 2646 369 2725 577.
417 2648 513 2723 Bona
536 2658 587 2721 est
610 2646 857 2724 Μ88.1οοῐίοε

587 2770 695 2873 δοχεοο
720 2773 870 2871 φάο-κων
891 2773 952 2865 etp
976 2772 1147 2860 Ἑλλάδος
1167 2776 1298 2878 ἀρχῆς.

146 2914 280 2989 Graece
311 2913 361 2986 sic
391 2939 577 3015 pronomen
601 2915 637 2990 in
662 2915 851 2991 accusativo
879 2913 1002 3016 plurali
1021 2916 1171 2990 neutrius
1192 2945 1301 3018 geno-
1349 2901 1352 2907 ⁵

145 3026 194 3100 ris
232 3025 372 3128 periodo
408 3030 655 3130 praeponitur,
702 3057 805 3130 quem
841 3027 978 3130 quidem
1016 3057 1131 3106 casum
1165 3045 1299 3108 veteres

144 3142 374 3216 Grammatici
405 3141 606 3242 plerumque
640 3143 807 3244 explicant
831 3169 893 3242 per
918 3145 1200 3244 praepositionem
1225 3145 1297 3228 διά·

146 3280 224 3328 cum
247 3257 357 3358 potius
382 3283 401 3330 e
425 3256 558 3356 linguae
582 3257 693 3332 indole
717 3255 833 3332 adesse
854 3258 1037 3334 censendus
1061 3261 1115 3338 sit.
1166 3262 1223 3338 Sic
1246 3275 1297 3338 est

144 3367 182 3441 in
207 3367 378 3470 Euripidis
406 3369 658 3446 Andromache:

388 3513 469 3613 tyb
489 3518 632 3615 προνοίᾳ
655 3519 699 3614 οἷς
724 3546 764 3594 τε
788 3520 835 3615 σῇ
861 3516 980 3616 eripi,
1003 3519 1124 3619 γέρον,

386 3646 517 3721 κτανεῖν
543 3641 645 3723 θέλων
673 3643 768 3738 τοῖνδ’
794 3643 835 3723 ἐκ
864 3651 976 3746 χερῶν
1001 3643 1221 3744 ἁρπάζομοοο·

142 3805 195 3855 νε.
227 3779 299 3857 649
338 3806 390 3882 sq.
424 3783 535 3884 qualia
571 3785 669 3886 plura
705 3785 907 3862 Matthiaeus
951 3785 1043 3862 dedit
1085 3785 1128 3864 ad
1167 3788 1294 3870 Phoen.

141 3891 227 3973 878.
279 3892 338 3970 Sic
370 3907 405 3970 et
435 3897 472 3969 in
506 3895 570 3971 boc
601 3899 675 3973 loco
707 3899 835 3977 verba:
867 3902 893 3981 δι
929 3903 1029 4000 ἔχεις
1062 3901 1210 4001 ddecus
1237 3908 1294 4000 alp

139 4003 314 4088 Ἑλλάδος
350 4006 479 4112 ἀρχήν·
530 4011 749 4110 intelligenda
784 4026 905 4107 erunt,
954 4038 1020 4088 noo
1064 4027 1102 4088 ut
1135 4018 1161 4096 δι
1195 4019 1294 4117 ἔχεις

138 4115 204 4210 sit,
230 4118 256 4198 a
280 4117 403 4220 δγοοθδο
427 4124 537 4224 ἔχεις·
563 4123 622 4198 sed
646 4139 684 4199 ut
706 4127 769 4218 sit,
801 4129 900 4230 ἔχεις
939 4129 1001 4219 τὴν
1031 4129 1203 4216 Ἑλλάδος
1228 4133 1294 4231 ἆρ-

140 4231 228 4332 χῆν·
263 4231 398 4329 addito,
441 4263 509 4339 quo
544 4236 627 4312 baec
662 4241 825 4338 proximis
855 4244 1061 4342 jungantur,
1106 4246 1142 4317 in
1175 4258 1294 4347 quarto

139 4371 220 4422 orsu
255 4346 402 4426 relativo
435 4351 634 4450 pronomine
669 4349 709 4432 ii·
741 4354 814 4432 sive
846 4353 935 4428 hunc
966 4355 1050 4430 velis
1071 4381 1148 4430 cum
1173 4358 1293 4458 priscis

138 4461 309 4560 magistris
333 4463 524 4564 intelligere
549 4465 595 4548 ‹b’
620 4463 662 4548 ii·
695 4493 737 4542 oc
767 4479 922 4548 cremento
953 4471 1000 4544 mi
1024 4470 1158 4548 morum
1187 4469 1292 4546 bono-
