2948 5114
570 349 623 402 ΙΝ
656 345 844 406 nones.
1183 351 1190 376 r
1234 329 1287 413 33

128 549 222 626 Nam
258 554 293 617 et
324 565 513 642 pronomen
541 565 620 616 mox
644 539 773 636 adfuit,
816 555 849 616 et
880 544 1013 620 facilius
1040 556 1194 646 γελθοομ
1217 571 1284 647 per

129 655 375 758 negligentiam
411 654 552 754 intelligi
587 683 626 729 no
661 656 764 730 scribi
802 657 910 756 potuit
944 657 1069 759 γέλοιά
1092 669 1148 758 μ’,
1183 687 1286 761 quem

127 773 250 873 γέλοι’
285 765 364 866 ἅμ’.
414 765 532 842 Studet
567 793 640 843 sese
670 770 829 845 Comicus
859 771 941 846 utile
972 771 1061 848 dulci
1084 774 1284 852 miscentem

131 909 239 960 omne
259 891 421 983 punctum
447 878 572 957 tuliss'e.

185 1109 248 1188 Vs.
272 1108 358 1185 444.
407 1107 541 1185 Nomen
560 1104 641 1190 θοᾶν
665 1103 880 1206 sequentibus
900 1107 1058 1206 jungam:
1188 1152 1191 1166 ν

175 1277 182 1298 t
259 1252 409 1349 χορεΐτε
433 1254 487 1326 νῦν
512 1251 594 1346 θερθν
618 1245 687 1327 tot
713 1252 863 1337 κύκλον,
891 1245 971 1334 ledo

384 1373 570 1473 ἀνθοφόρον
597 1373 652 1452 ἀν’
677 1375 799 1455 tneor.

185 1621 248 1696 Vs.
283 1619 369 1696 too.
418 1561 586 1712 Ἀνοῆξοο.
636 1619 823 1718 Receptnm
866 1617 1036 1717 opormit,
1081 1616 1172 1719 quod
1209 1619 1285 1719 jam
1321 1651 1324 1656 ·

134 1731 329 1846 Dindorlius
365 1729 480 1822 dedit,
517 1731 669 1832 ἀπῇξας.
718 1730 827 1804 Verbi
866 1730 965 1830 llysrr
996 1730 1137 1806 aoristus
1158 1729 1225 1828 ἔρξον
1247 1733 1284 1809 in

133 1871 237 1922 soene
256 1843 502 1946 peregrinetur.

187 2090 249 2165 Vs.
273 2089 354 2166 484.
409 2085 565 2186 Πρθσθον
597 2086 633 2159 in
667 2087 767 2164 MSS.
800 2086 876 2165 edd.
904 2086 1039 2162 Baccho
1061 2086 1179 2166 datum
1201 2118 1286 2168 oon-

137 2213 192 2276 trn
209 2201 378 2302 linguam,
400 2227 476 2274 curn
502 2201 550 2274 sic
575 2201 736 2299 scriptum
758 2200 944 2298 oportuerit
967 2199 1121 2294 πρόσθεν.
1171 2206 1284 2278 Immo

140 2331 179 2391 et
208 2315 273 2388 boc
304 2315 474 2391 Xanthiae
503 2316 589 2407 fuit,
612 2313 668 2389 rel
699 2313 819 2388 herum
844 2315 994 2414 jubentis
1018 2315 1192 2416 spongiam
1217 2316 1284 2394 sibi

142 2429 256 2528 ipsum
291 2427 491 2528 applicere‚'
509 2428 566 2505 rel
593 2428 777 2520 monentis,
809 2440 847 2500 ut
881 2426 1008 2502 sineret
1036 2426 1101 2501 sibi
1133 2429 1176 2503 nb
1207 2429 1282 2532 ipso

140 2541 315 2641 applicari.
350 2541 408 2618 Sic
430 2543 503 2618 fere
528 2539 676 2639 οπρθοθοο
701 2553 753 2614 est
775 2541 840 2618 Ar.
851 2541 947 2634 361,
970 2539 1104 2642 περίθου
1136 2541 1279 2623 Thesm.

137 2655 239 2751 380,
263 2655 389 2735 tettan
415 2656 519 2732 Cone.
546 2656 653 2732 1031.

191 2891 253 2968 Vs.
278 2892 361 2969 515.
411 2890 505 2964 Bene
537 2887 661 2987 legitur
693 2884 851 2980 αὐλητρίς
887 2910 945 2959 σοι
980 2880 1037 2976 ἥδε
1075 2880 1165 2962 ἔνδον
1194 2883 1284 2966 tm.

138 3003 323 3104 Eleganter
354 3002 402 3075 sic
432 2998 580 3075 additum
614 3024 800 3101 pronomen
828 2993 886 3074 θθε
918 2995 990 3095 ejus
1014 2997 1165 3086 nomini,
1202 2997 1286 3098 qni,

135 3139 343 3216 quemquam
376 3139 442 3186 non
479 3125 696 3214 momentus,
738 3109 844 3210 digito
880 3123 1106 3205 monstratur,
1137 3107 1197 3184 ubi
1231 3113 1286 3190 sit.

140 3228 263 3302 Latine
286 3225 412 3303 dixeris
446 3224 541 3300 ellam
571 3252 592 3298 e
622 3224 775 3300 Terentii
807 3222 947 3298 Phorm.
979 3226 1288 3320 Act.111.·sc.3‘,

139 3365 196 3420 rs.
215 3341 264 3419 34

269 3393 281 3434 '
317 3527 360 3542 -
385 3479 495 3586 quid?
518 3481 615 3556 {stom
629 3477 705 3581 jam
724 3506 822 3584 penes
845 3505 903 3556 vos
921 3477 1065 3589 pioltrin
1089 3477 1168 3556 ert?
1206 3571 1211 3582 ‚

217 3655 259 3677 -
285 3609 380 3686 ollam
405 3608 512 3683 iimo:

139 3756 200 3852 θὶδε
220 3755 311 3837 ἔνδον
337 3755 425 3835 ἔστι·
452 3752 508 3829 vel
530 3778 636 3827 eccam
660 3778 680 3826 e
702 3745 814 3826 Plauti
837 3749 976 3852 prologo
999 3747 1172 3851 Amphitr.
1198 3747 1287 3846 120,
1321 3786 1327 3804 ·

214 3923 292 3972 nom
314 3919 402 3970 meur
419 3899 518 4000 paler
539 3891 624 3966 intur
644 3915 736 4010 nuno
752 3897 816 3983 ert,
839 3915 964 3983 eccum,
991 3887 1144 3994 Jupter:

142 4039 247 4140 toute
288 4035 347 4117 tta
379 4033 504 4137 πατήρ.
554 4033 758 4112 Pronomine
796 4033 846 4108 sic
881 4034 956 4133 jam
1002 4029 1171 4109 Homerus
1209 4055 1288 4104 usus

141 4155 353 4258 odyss.10.
380 4155 474 4246 νον,

612 4283 728 4398 leopos
753 4291 792 4376 θθ
815 4320 870 4372 ror
895 4287 960 4370 οἵδ’
984 4287 1032 4370 ἔνθ
1055 4290 1173 4388 Κίρκην
1309 4307 1311 4312 ’

266 4415 432 4516 immor.
1124 4524 1149 4595 5
