3002 5116
237 384 305 459 108
579 406 1024 470 onsnnvfflouns

233 623 364 698 Vitium
390 626 440 700 sic
463 626 610 703 removit
636 629 847 704 Brunckius:

378 751 438 832 tart
462 758 557 832 τοιῖοι
580 755 732 853 πέτραις.

233 895 351 971 Potest
375 897 532 973 Comicus
553 899 742 999 scripsisse:

378 1025 437 1104 tort
459 1025 581 1106 τοῖσδε
606 1029 760 1124 πέτραις

233 1164 295 1240 Sin
325 1195 402 1244 cum
433 1169 586 1270 Bentlejo
616 1167 753 1261 credas,
788 1180 826 1240 ut
846 1169 882 1240 in
904 1193 957 1245 ιε.
978 1166 1070 1261 751,
1096 1167 1380 1268 praepositionem

234 1305 312 1352 cum
355 1281 505 1380 genitivo
544 1293 623 1356 casu
668 1281 922 1358 construendam
966 1308 1063 1378 esso,
1108 1281 1291 1384 legendum
1328 1284 1421 1358 hic

235 1393 321 1468 erit·

235 1587 240 1599 .
338 1553 342 1564 ’
372 1521 434 1603 ἔνι’)
463 1523 572 1618 τῆσδε
597 1525 736 1627 adapes.

283 1754 346 1832 Vs.
370 1752 454 1832 781.
507 1752 739 1852 *Ροψάμενοο
775 1758 843 1834 Hic
863 1781 998 1860 quoque
1020 1754 1132 1832 media
1151 1756 1251 1832 verbi
1275 1756 1385 1832 forma

230 1864 333 1942 index
361 1867 476 1961 adest,
505 1869 676 1945 hominem
705 1870 851 1966 dixisse,
883 1872 1038 1972 pulvinar
1066 1896 1140 1946 sese
1171 1895 1237 1943 non
1271 1870 1384 1970 ipsum

228 1980 420 2074 consuisse,
457 1979 517 2056 sed
549 1982 772 2060 consuendum
797 2011 942 2061 curasse.
992 1984 1049 2060 Sic
1069 1995 1103 2056 et
1127 1981 1383 2082 intelligendum

229 2091 375 2168 verbum
414 2093 660 2196 ναυπηγεῖσθαι
692 2123 742 2173 vs.
775 2100 870 2191 913,
907 2097 1076 2177 ποιοῖο-θοι
1113 2096 1255 2177 Thesm.
1298 2099 1381 2174 125.

228 2205 311 2285 Pac.
341 2209 413 2302 69,
449 2207 626 2311 βάψομαι
648 2212 731 2311 Lys.
752 2213 811 2288 51.

248 2442 341 2516 V·s.
362 2441 446 2515 802.
496 2440 629 2516 Ριο’
601 2468 629 2516 οι
661 2437 775 2535 lingue
806 2438 875 2537 legi
901 2439 1182 2536 πι11ῖίνῖνῆν-
1208 2436 1380 2538 διατρίψῃ
1472 2487 1473 2535 t

229 2594 272 2613 -
294 2549 464 2650 οἰνοοθοινῖΗ
424 2579 580 2650 ρ-νοῃ
539 2548 698 2648 -tatu
784 2563 787 2568 ’

275 2783 339 2860 Vs.
361 2782 446 2861 818.
495 2784 624 2858 Veram
656 2780 833 2856 lectionem
864 2777 1004 2854 Kusteri
1035 2777 1106 2879 jam
1140 2776 1328 2853 revocavit·
1348 2791 1385 2852 et
1471 2865 1472 2874 ἵ

226 2894 371 2996 Bentleji
402 2897 595 2994 ingenium,
629 2905 716 2976 παῦ’
747 2897 884 2972 adrani.
931 2893 1040 2992 Saepe
1071 2892 1119 2966 sic
1143 2890 1243 2966 dictio
1258 2891 1383 2977 ὀὕτωο
1471 2884 1472 2916 ’

227 3005 284 3079 alii
312 3006 420 3083 verbo
446 3009 511 3082 alio
543 3035 642 3084 sensu
671 3007 809 3088 additu.¹
842 3007 942 3082 Iocis
975 3004 1017 3080 ad
1041 3008 1146 3105 Vesp.
1171 3007 1244 3081 634
1271 3006 1381 3081 citatis

227 3117 312 3196 haec
340 3149 428 3198 nunc
459 3121 543 3197 adde
580 3123 727 3199 Platonis
761 3149 780 3198 e
815 3121 976 3221 SympoS.
1007 3147 1044 3220 p.
1068 3120 1136 3197 177
1144 3176 1156 3214 ,
1184 3122 1254 3214 18,
1288 3122 1379 3200 οὕτω

227 3240 384 3320 ιιῖνοντοοο
416 3237 499 3336 apic
536 3236 660 3332 ἡδονήν·
692 3239 728 3311 in
758 3233 914 3311 Phaedro
950 3260 986 3332 p.
1010 3235 1103 3326 198,
1130 3235 1199 3321 31,
1226 3245 1279 3311 νῦν
1316 3241 1376 3331 μὲν

226 3341 338 3432 'odron
366 3353 427 3428 οιῖιι
453 3352 528 3452 ἔχω
558 3353 672 3430 εἰπεῖν.
703 3345 740 3422 ut
765 3349 801 3422 in
824 3349 918 3424 111.
943 3344 985 3418 de
1014 3373 1089 3444 rep·
1124 3373 1161 3446 p.
1185 3349 1281 3440 390,
1304 3353 1374 3440 30,
1431 3345 1436 3354 1

228 3465 290 3540 οὐκ
307 3463 383 3564 ἔχιν
406 3473 462 3556 νῦν
478 3494 525 3563 γε
544 3465 650 3549 οὕτως
674 3464 790 3542 circeia·
827 3460 899 3536 Ubi
923 3456 1060 3555 quidem
1080 3456 1187 3542 ofitus
1210 3459 1283 3535 fere
1303 3475 1373 3552 ost,

228 3574 318 3674 quod
349 3577 429 3652 alias
452 3577 524 3657 ἀπὸ
553 3578 758 3673 eripuere.
792 3575 867 3649 Hoc
890 3572 963 3645 loco
994 3570 1139 3672 imperio
1165 3573 1236 3646 vim
1265 3573 1374 3647 addit:

228 3697 316 3781 tace,
335 3716 393 3764 nec
422 3689 551 3766 nubum
583 3689 759 3766 addideris.
809 3690 899 3764 Nam
922 3698 960 3758 ut
987 3684 1140 3758 inlibris
1170 3683 1253 3759 haec
1279 3697 1377 3774 sunt,

228 3812 314 3883 ποῦ’
345 3804 475 3882 οὑτοσί·
506 3821 641 3908 praeter
670 3816 844 3904 corruptos
872 3826 1051 3892 numeros,
1082 3825 1148 3872 non
1169 3797 1295 3890 credo,
1318 3824 1377 3872 us-

230 3941 332 4016 quam
356 3918 406 3992 sic
434 3914 534 4004 odrae
562 3946 656 4016 esse,
689 3917 748 3992 ubi
773 3915 971 4015 imperatur.

275 4139 339 4214 Vs.
364 4139 448 4215 823.
498 4096 665 4242 ῖζάμφοῖν
701 4145 818 4243 χεροῖν
849 4140 949 4217 MSS.
964 4157 967 4162 ’
983 4137 1058 4215 edd.
1090 4137 1180 4240 quod
1205 4139 1253 4214 sic
1268 4165 1376 4214 ¹sana-

103 4267 105 4272 '
144 4305 146 4318 .
181 4347 183 4354 Α
227 4264 319 4326 tum:
355 4259 513 4351 κάμφοῖν
539 4261 681 4355 χειροῖν·
706 4281 791 4355 quae
817 4252 969 4328 cothurni
994 4252 1123 4352 magis,
1159 4279 1264 4354 quam
1288 4248 1373 4326 socci

226 4365 373 4438 nominis
416 4366 525 4442 forma
560 4379 621 4444 est.
680 4366 878 4468 Legendum
920 4363 1074 4443 videtur:
1124 4366 1280 4467 κάμφοῖν
1327 4391 1370 4466 γε

227 4484 357 4581 χεροῖν·
382 4487 478 4586 utque
500 4477 653 4556 ambabus
674 4481 757 4558 adeo
782 4479 937 4559 nanum.
