3002 5116
539 410 595 469 πυ
643 412 880 480 rouruus.
1224 395 1293 471 109

189 601 253 678 Vs.
279 599 360 676 854.
413 599 576 697 Legitur:

571 730 636 805 τῶν
663 727 828 828 οἰλφίτυν
855 726 898 808 ἂν
919 728 1161 829 καταλάβοιεν
1188 732 1293 829 ἡμῶν·

137 882 179 944 ut
216 866 365 969 dactylus
401 879 512 941 teneat
544 868 695 970 quintam
736 870 891 944 carminis
926 869 1064 961 sedem,
1106 871 1196 972 quod
1228 901 1295 948 non

139 980 278 1059 videtur
310 978 483 1054 admisisse
501 1007 584 1055 ars.
634 984 730 1058 Scire
764 983 892 1075 velim,
930 1011 972 1058 au
998 969 1102 1061 codeir
1133 985 1197 1079 sit,
1235 986 1294 1087 qui

141 1093 231 1170 hanc
251 1093 429 1168 lectionem
454 1095 647 1168 confirmet:

575 1229 640 1303 οιίν
663 1222 824 1322 ἀλφίτων
848 1227 929 1300 νοντ’
954 1220 997 1303 du
1018 1221 1164 1324 λάβοιεν
1190 1227 1292 1323 ἡμῶν·

141 1364 333 1471 cujusmodi
355 1365 472 1440 tmesis
494 1378 529 1440 et
553 1380 604 1439 est
627 1367 662 1440 in
685 1369 768 1467 Lys.
794 1370 868 1444 262
894 1395 945 1468 sq.

469 1509 565 1587 raet
587 1509 652 1606 μὲν
679 1508 780 1610 tyra
805 1512 903 1611 ἔχειν
926 1512 1076 1610 βρέτοιι,
1205 1499 1208 1508 ’

469 1621 566 1700 aurai
589 1631 624 1699 r’
651 1621 835 1723 ιὀιιρίοοολιν
859 1623 951 1725 ludu
974 1628 1109 1726 λοιβείν.

137 1779 178 1844 et
201 1766 238 1841 iu
260 1767 348 1842 Rau.
375 1763 488 1856 1045,

288 1887 380 1969 dm
404 1888 599 1992 γοιιοοίτίν
624 1918 667 1968 οε
692 1892 774 1968 νοντ’
799 1887 857 1970 οὖν
881 1892 1023 1992 ἔβοιλεν.

141 2034 218 2113 Nec
243 2034 280 2107 in
304 2033 377 2108 aliis
401 2061 421 2108 a
444 2031 544 2108 tmesi
570 2029 745 2105 abhorruit
770 2031 900 2108 Comici
922 2033 1030 2110 stilus.

13 2317 14 2320 ,
192 2248 257 2324 vs.
280 2247 363 2323 8611.
414 2247 484 2321 Pro
515 2246 627 2346 prisca
662 2245 805 2320 lectione
837 2245 972 2342 ον’ίιουοι
1008 2243 1170 2344 scriptum
1208 2270 1296 2319 nunc

145 2373 198 2436 est
220 2364 363 2459 οιίροῦοι.
412 2359 497 2454 Quis
519 2359 603 2451 scit,
628 2385 670 2433 an
694 2359 799 2456 οοίρειν
823 2359 1029 2459 piscatorum
1053 2359 1198 2433 verbum
1217 2357 1297 2434 fue-

13 2465 14 2484 l
145 2472 207 2548 rit:
243 2473 345 2572 ιίίροιν
380 2474 422 2550 ολ
458 2471 596 2553 δίκτυον
631 2473 688 2548 vel
722 2475 761 2550 rt
786 2477 885 2553 λίνον.
936 2472 1136 2549 scholiastes
1155 2472 1294 2576 quidem

13 2587 14 2632 ³
144 2585 255 2663 reddit
279 2589 445 2691 ιἰγοείειν·
482 2588 615 2664 ducere
644 2586 784 2662 Plautus
807 2587 891 2661 dixit
914 2588 1020 2663 Truc.
1046 2591 1077 2665 l.
1105 2589 1137 2665 l.
1166 2590 1223 2666 18.

191 2812 254 2889 Vs.
272 2813 356 2890 8721.
405 2813 497 2897 Todr
523 2810 741 2910 κινουμένους
765 2809 868 2884 Cleon
899 2806 980 2883 dicit
1011 2806 1202 2907 seditiosos,
1234 2819 1296 2916 qui

13 2991 14 3024 p
140 2948 215 2998 sese
251 2923 288 2996 in
323 2927 496 3026 republica
529 2941 667 3002 movent
707 2953 747 3001 ac
777 2925 892 2998 turbas
928 2922 1066 3001 faciunt.
1126 2925 1226 3018 Quod
1257 2929 1295 3002 iu

13 3053 14 3098 t
140 3037 343 3112 obscoenum
361 3066 497 3113 sensum
516 3037 655 3115 detorsit
670 3041 905 3139 Agorlcritus,
921 3034 972 3109 de
996 3035 1039 3109 iis
1062 3035 1211 3132 dictum,
1234 3042 1295 3141 qui

13 3229 14 3232 ,
141 3149 320 3227 muliebria
344 3153 527 3254 patiuntur.
565 3151 660 3228 Nihil
683 3151 811 3250 magis,
835 3176 937 3251 quam
962 3148 1051 3223 huuc
1074 3151 1109 3223 in
1134 3153 1294 3253 ambiguo

13 3325 14 3328 ,
142 3263 254 3339 lusum
289 3267 446 3342 Comicus
478 3267 626 3363 amavit,
660 3266 718 3367 qui
753 3278 841 3339 totus
863 3264 973 3370 perit,
1005 3264 1034 3336 si
1058 3291 1078 3338 e
1100 3266 1175 3342 MS.
1200 3266 1293 3367 legas

145 3377 376 3475 βινουμένους.

193 3589 255 3661 Vs.
279 3590 362 3665 889.
406 3583 531 3686 Ὄξον.
578 3585 716 3661 Mireris
741 3583 928 3685 Populum,
962 3584 1020 3683 qui
1044 3612 1132 3661 nuuc
1155 3586 1292 3665 demum

142 3701 284 3801 lryrsam
303 3701 450 3801 pessime
467 3701 613 3774 olentem
630 3698 793 3772 Cleonem
814 3696 993 3788 odoretur,
1012 3698 1147 3798 quicum
1158 3702 1293 3800 jamdiu

142 3813 350 3913 colloquitur.
399 3815 527 3886 Veram
552 3810 731 3884 lectionem
759 3807 921 3900 credam,
947 3809 975 3881 si
1000 3809 1105 3884 codex
1128 3814 1203 3892 MS,
1228 3814 1293 3891 ha.

13 3935 14 3978 ἑ
141 3926 239 4019 beat,
275 3928 363 4026 ίζον·
395 3923 473 4000 βίου’
497 3924 572 3998 hinc
594 3925 629 3999 ιἰι
653 3923 773 3998 mulum
796 3949 890 4016 rem,
918 3924 978 4024 qui
999 3923 1088 3999 istud
1112 3927 1293 4022 miseras,

137 4035 275 4146 persium
299 4037 424 4115 comum
448 4036 546 4116 οίινο.

184 4240 247 4318 Vs.
272 4240 356 4314 916.
405 4238 463 4313 Sic
487 4237 581 4338 lego:

290 4362 371 4463 alrlp
397 4360 585 4478 ποιφλᾷζοι
614 4401 644 4414 -·
677 4371 790 4462 ποῦο,
816 4373 918 4460 ποῦ’,
935 4408 976 4424 -

291 4478 474 4582 ὑπερζέον.
