3002 5116
218 411 291 490 102
597 427 1006 492 onaanvanrortra

212 623 262 698 sic
293 621 403 714 lecta,
437 631 477 696 ut
503 619 960 724 intemeratarum
982 623 1208 721 jungerentur
1231 617 1372 720 ἔμαθες.

212 731 358 828 Melias,
375 733 507 831 credo,
526 736 656 816 referes
681 733 726 814 ad
749 733 954 812 locutionem
978 734 1084 831 λόγον
1110 731 1244 824 lutet.

263 951 327 1029 Vs.
354 949 462 1032 129³.
511 952 673 1055 Conjeci:
705 961 769 1030 τοῦ
799 949 853 1030 ’πὶ
874 951 953 1034 rata
976 951 1140 1049 πλευροῖο
1160 950 1300 1032 adrosa.
1333 979 1337 988 ·
1373 1016 1376 1024 .

265 1165 331 1240 Vs.
357 1162 462 1240 1305.
505 1162 663 1240 Verbum
682 1161 889 1244 ὲνάλλεοθοο
909 1163 1022 1240 locum
1043 1163 1134 1239 tucri
1157 1189 1225 1246 non
1247 1175 1373 1262 potest,-

217 1279 261 1358 In
280 1297 484 1376 quemnam,
508 1297 654 1374 quaeso,
679 1274 809 1350 insiluit
831 1276 962 1350 senex?
983 1277 1096 1350 Immo
1119 1274 1286 1366 saltabat,
1309 1300 1376 1350 ex-

217 1385 362 1462 sultabat
384 1383 607 1488 (ἀνήλλετο).
650 1385 704 1463 Ad
725 1413 869 1488 pravam
888 1385 1069 1462 lectionem
1094 1388 1129 1464 in
1154 1400 1274 1466 vetere
1298 1387 1375 1466 MS.

215 1497 379 1592 ἔοῆλλετο
412 1498 617 1600 adscriptam
639 1500 743 1575 fuisse
770 1499 922 1600 suspicor
943 1500 979 1572 in
1008 1501 1162 1600 margine
1186 1526 1209 1576 e
1236 1497 1380 1585 meliori
1469 1537 1470 1544 ο

216 1611 307 1688 libre
343 1613 479 1687 literam
513 1644 560 1710 a,
596 1639 682 1711 quae
716 1610 870 1703 doceret,
906 1637 972 1712 pro
1004 1609 1164 1704 ἐνήλλετο
1189 1611 1375 1713 legendum

218 1751 294 1810 essa
319 1723 502 1818 ἀνήλλετο·
536 1751 640 1824 quam
667 1725 801 1802 literam
825 1723 1059 1827 indiligentem
1081 1726 1259 1802 librarium
1286 1750 1375 1817 nnn,
1470 1821 1471 1826 Ἰ

218 1837 310 1944 quod
355 1839 484 1914 factum
529 1837 703 1938 oportuit,
750 1864 815 1938 pro
858 1839 967 1938 priori
1008 1869 1025 1922 ο
1070 1838 1266 1941 scripsisse,
1317 1835 1384 1914 sert
1470 1827 1471 1848 ¹

216 1974 282 2050 pro
317 1948 448 2045 altero,
475 1962 514 2024 ut
549 1963 638 2024 esset
673 1947 866 2050 ἔοῆλλοτο,
910 1951 1001 2051 quod
1036 1980 1125 2030 nunc
1162 1952 1199 2028 in
1231 1965 1382 2052 utroque

125 2110 128 2116 ·
216 2063 294 2140 MS.
319 2075 383 2139 est.

265 2253 329 2330 Vs.
359 2239 614 2330 1332-1334„
663 2252 778 2344 Haec,
809 2277 897 2351 quae
929 2250 965 2327 in
995 2251 1095 2329 editis
1118 2251 1216 2328 libris
1240 2251 1374 2354 Bdely-

118 2409 121 2414 ·
219 2361 343 2438 eleonis
367 2389 531 2462 personae
555 2375 652 2451 sunt,
684 2362 743 2432 uni
768 2389 811 2436 ex
834 2365 875 2435 iis
900 2363 1078 2439 tribuenda
1101 2362 1282 2459 videntur,
1313 2365 1374 2462 qni

219 2475 265 2550 ab
305 2473 401 2546 ebrio
439 2497 518 2546 sene
559 2471 648 2543 male
682 2472 820 2542 mulcati
852 2487 910 2545 aut
945 2474 1105 2548 damnum
1138 2475 1251 2574 passi,
1285 2476 1377 2550 hunc
1472 2471 1473 2484 ¹

217 2595 419 2662 censeantur
445 2582 614 2680 persecuti
637 2607 719 2659 esse.
769 2581 878 2660 Filius
903 2583 940 2656 in
967 2609 1103 2662 scenam
1130 2584 1269 2660 demum
1288 2613 1379 2688 pro-

219 2696 286 2789 dit,
310 2693 370 2769 ubi
394 2709 492 2797 pater
512 2695 571 2774 itta
594 2695 770 2794 loquitur,
797 2722 886 2796 quae
910 2710 987 2771 sunt
1007 2723 1059 2774 vs.
1088 2697 1182 2772 1360
1202 2722 1278 2798 sqq.
1299 2699 1378 2798 ipse
1473 2759 1474 2762 ,

218 2809 313 2910 loqui
350 2811 467 2912 incipit
490 2834 542 2886 vs.
573 2811 678 2887 1364.
720 2811 865 2914 ¹Quippe
899 2811 992 2886 venit
1025 2822 1231 2885 retracturus
1263 2808 1380 2886 fidici-

219 2949 320 3021 nam;
349 2951 370 2997 a
398 2949 478 2996 sene
500 2924 536 2996 in
559 2922 616 2999 via
641 2922 774 2999 civibus
798 2922 890 2997 illata
914 2921 1035 2999 demna
1063 2922 1171 2999 adhuc
1196 2924 1377 3024 ignorans,

221 3037 389 3140 comperit
412 3033 572 3132 demum,
593 3036 654 3110 ubi
674 3038 813 3137 panaria
835 3037 960 3113 mulier
982 3038 1095 3140 prodit
1120 3053 1353 3139 conquestum.

271 3254 337 3327 Vs.
362 3238 468 3327 1340.
519 3247 723 3348 Corruptam
742 3263 777 3322 et
795 3248 852 3324 hic
867 3250 1033 3325 librorum
1048 3225 1250 3345 lectionem,
1271 3252 1378 3353 ejecta

222 3361 343 3444 rocula
367 3365 453 3452 οὐκ,
479 3360 528 3433 sic
551 3360 662 3432 sanari
686 3385 785 3460 posse
816 3360 965 3436 credidit

229 3509 233 3570 .'
347 3489 469 3571 taeta-a
493 3491 565 3586 γὰρ
587 3533 627 3544 -
647 3497 714 3567 τοῦ
740 3487 808 3569 'ad’
833 3490 1045 3589 Ἥλοοιοτῆοῑ
1071 3541 1110 3553 -—
1133 3489 1308 3585 ἐκποδών,

350 3600 520 3699 ἀνέβαινε
544 3600 640 3702 δεῦρο
664 3629 728 3702 χρ.

225 3731 360 3837 quande
382 3730 433 3806 illi
441 3729 518 3833 jam
541 3729 671 3826 abiere,
701 3729 765 3806 leuc
787 3731 927 3811 ascende.

276 3953 340 4026 Vs,
364 3953 471 4032 1350.
530 3956 681 4033 Πολλοῖο
717 3949 898 4050 χάτέροις.
945 3949 1076 4040 Sensu,
1106 3975 1173 4047 quo
1206 3950 1377 4051 interpre-

227 4081 279 4142 tes
302 4062 386 4140 haec
407 4061 605 4140 reddidere:
637 4072 669 4138 et
688 4063 761 4138 aliis
793 4062 906 4140 matta.
934 4062 1020 4144 dam
1039 4061 1221 4163 factitatis
1248 4063 1381 4145 Graeca

227 4177 407 4280 legendum
434 4180 502 4254 erit
525 4181 680 4264 πολλοὺς
705 4180 897 4278 χὰτέρους.

276 4392 338 4468 Vs.
365 4389 471 4469 1388.
522 4388 815 4491 Chaerephontem
840 4393 1003 4493 appellata
1027 4393 1106 4470 adas
1132 4359 1271 4500 praese:
1294 4418 1378 4486 nen,

145 4515 147 4524 ’
228 4502 321 4605 quod
348 4501 492 4592 Floreas
514 4504 670 4606 putavit,
688 4503 979 4609 ,Bdelydeenem
1078 4514 1085 4544 ²
1136 4569 1140 4576 .
