3002 5116
222 408 274 485 st
574 425 1024 482 onsurtvarrorrrrs

228 618 331 695 ··Vs.
355 616 464 696 1017.
514 619 673 722 Conjeci:

860 715 1226 812 mmMQd

226 897 230 906 ,
470 818 595 915 odaiae
625 819 678 900 dr.
1456 927 1458 939 Ι

224 941 279 1020 De
302 969 368 1042 qua
387 945 551 1045 positione
574 947 756 1045 particulae
776 948 829 1048 egi
850 946 892 1022 ad
908 945 1002 1022 Med.
1019 948 1115 1040 939,
1137 960 1172 1022 et
1190 945 1298 1027 Andre
1322 945 1380 1022 70.

224 1055 283 1130 Sic
299 1055 373 1132 fere
392 1071 426 1132 et
442 1058 611 1132 Lucienus
626 1056 754 1133 locutus
773 1059 807 1132 in
826 1060 972 1134 Timone
987 1061 1032 1134 Τ.
1044 1061 1074 1134 Ι.
1085 1085 1123 1158 p.
1140 1059 1228 1146 lto,
1254 1061 1318 1138 nal
1338 1059 1380 1136 σὺ

227 1164 272 1247 dr
295 1164 336 1247 εὖ
360 1165 426 1248 old’
450 1167 504 1246 dre
529 1169 794 1271 ὁμολογήσειας·
834 1168 877 1244 de
906 1183 1015 1244 morte
1041 1171 1218 1269 Peregrini
1238 1198 1275 1271 p.
1291 1172 1381 1264 346„

224 1281 312 1362 ἀλλ’
337 1288 397 1364 οὐκ
423 1284 464 1364 ἂν
488 1283 527 1364 εὖ
553 1282 617 1366 old’
643 1285 698 1366 dra
721 1284 954 1402 βουληθεὶηεε.
1059 1297 1064 1314 ’

275 1501 338 1581 Vs.
363 1501 471 1580 1021.
521 1514 594 1583 Ποῦ
626 1506 802 1604 [leddarum
838 1503 989 1578 Dubium
1016 1513 1180 1594 nonest,
1207 1503 1293 1602 quin
1328 1503 1385 1576 in-

224 1611 361 1690 terdum
384 1617 543 1692 articulus
566 1618 677 1707 absit,
709 1618 769 1692 ubi
799 1615 877 1692 addi
907 1614 1064 1691 debuisse
1096 1613 1265 1693 videatur.
1319 1616 1385 1698 Hic

225 1740 338 1804 umen
372 1727 590 1806 vehementer
608 1728 760 1804 ,offendit
794 1731 865 1828 ejus
883 1726 1079 1828 absentia,
1125 1739 1164 1799 ut
1207 1727 1384 1830 scripsisse

220 1841 402 1928 ,Comicum
429 1843 528 1922 facile
547 1843 771 1920 crediderim:

522 1977 555 2052 οἱ
579 1974 750 2074 Πρόξενον

223 2107 263 2168 ut
285 2095 456 2172 Proxenos
487 2097 530 2174 ad
552 2127 626 2176 sese
647 2101 784 2203 prodire
806 2099 956 2200 jusserit.
1003 2098 1060 2172 Sic
1083 2111 1133 2170 est
1155 2097 1191 2170 in
1213 2095 1300 2172 Ach.
1316 2098 1366 2174 51
1373 2152 1384 2191 ,
1402 2103 1404 2110 ’

221 2212 261 2288 'ol
283 2210 452 2305 τοξόται,
471 2240 523 2290 vs·
546 2216 639 2304 789,
671 2221 704 2294 οἱ
731 2215 950 2315 ἀγορανόμοι.
1003 2219 1050 2282 Ac
1075 2237 1174 2326 saepe
1203 2206 1279 2282 heri
1307 2235 1385 2283 ser-

222 2321 287 2399 ¹vos
312 2324 361 2397 sic
388 2339 528 2417 vocant,
563 2339 600 2398 ut
620 2331 706 2405 Ran.
743 2332 816 2423 40,
847 2330 934 2424 271.
977 2324 1058 2401 Vid.
1093 2339 1127 2400 et
1159 2326 1225 2402 Ar.
1259 2323 1382 2418 1628,

228 2436 247 2511 d
274 2438 485 2536 Τρὶβαλλοε.

274 2632 339 2710 Vs.
365 2630 471 2708 1078.
520 2629 711 2706 Sanandum
736 2632 785 2707 sic
813 2608 951 2706 carmen
977 2603 1129 2708 ¹videtur:

380 2830 383 2838 ,
684 2745 720 2841 ἢν
749 2745 785 2826 δὲ
814 2745 927 2846 ζῶντά
958 2755 996 2849 γ’
1027 2748 1181 2849 ἀγάγῃ,
1210 2746 1388 2845 τέτταρα.

228 2871 279 2933 ut·
283 2861 359 2958 jam
377 2859 514 2933 sanavit
537 2856 741 2938 Dindorfius.
761 2861 813 2957 ,ἢν
836 2861 873 2944 δὲ
889 2900 927 2914 -
941 2891 1010 2965 γε,
1036 2863 1086 2938 ria
1113 2870 1242 2956 aulem,
1263 2867 1300 2939 al
1318 2859 1360 2938 si.

279 3073 341 3146 Vs.
363 3071 469 3145 1119.
505 3068 761 3168 Elegantissime
786 3073 880 3148 adest
904 3076 1022 3151 vocula
1047 3079 1112 3166 dr,
1136 3101 1221 3175 quae
1245 3069 1385 3148 Pisthe-

205 3187 316 3263 ,taeri
342 3186 467 3260 referat
494 3183 740 3284 impatientiam
770 3189 946 3282 mirantis,
972 3189 1119 3264 nondum
1154 3187 1271 3262 adesse
1293 3211 1384 3258 nun-

164 3337 167 3342 ·
229 3302 326 3378 tium.
375 3299 432 3375 Sic
457 3296 530 3371 sere
554 3309 589 3371 et
612 3323 672 3371 nos
696 3298 859 3375 dicimus:
897 3329 994 3376 maer
1021 3302 1081 3377 dal
1107 3329 1147 3375 er
1172 3314 1236 3377 etc.
1293 3299 1382 3373 Cum

229 3414 304 3490 loeo
338 3409 511 3512 Euripidis
545 3412 696 3486 conferas
726 3411 868 3489 Medeae
892 3441 945 3493 rs.
977 3415 1223 3491 1113-1117.
1288 3415 1290 3422 ’

279 3633 343 3711 Vs.
376 3630 482 3705 1143.
531 3630 594 3702 Est
638 3627 694 3702 hic
738 3623 882 3706 verbum
919 3630 1071 3707 medium
1106 3626 1379 3731 ἐμβάλλεο-θεά,

226 3741 349 3843 jubere
377 3739 573 3840 ἐμβάλλειν
584 3793 598 3834 ,
634 3755 672 3814 ut
695 3743 860 3837 artiliccS,
892 3771 969 3820 cum
1006 3771 1139 3820 anseres
1171 3744 1238 3844 ipsi
1264 3742 1382 3818 dican-

224 3869 310 3948 ·tur,
338 3868 376 3928 ut
398 3857 557 3956 opifices,
581 3855 777 3958 ἐμβάλλειν
806 3886 861 3936 vs,
888 3861 994 3938 1146.
1071 3913 1074 3922 -
1125 3913 1128 3920 ‚

281 4069 346 4144 Vs.
375 4069 479 4147 llll.
528 4071 666 4147 Sincera
690 4085 741 4146 est
761 4072 872 4148 lectio.
909 4073 1039 4175 Copula
1060 4076 1120 4158 καί
1140 4071 1195 4148 hic
1218 4087 1268 4150 est
1285 4075 1383 4151 Lari-

232 4205 314 4256 num
339 4179 410 4256 vel:
441 4181 503 4257 lroc
523 4183 573 4258 vel
599 4183 806 4286 sagassissime
819 4183 896 4282 fuit
915 4193 1089 4292 repertum.
1212 4185 1213 4190 ’

280 4385 477 4579 1201151.
524 4390 594 4467 Pro
627 4391 686 4469 sla
720 4389 827 4486 πηλόν
860 4389 940 4470 vide
973 4414 1016 4465 an
1042 4389 1292 4491 legendum'sit
1306 4403 1307 4416 ¹
1322 4393 1380 4472 aul
1417 4495 1420 4507 Ι

230 4513 300 4591 πηλ
336 4558 348 4582 .
1025 4553 1030 4564 ·
1191 4546 1195 4555 ¹
1241 4560 1243 4566 -
