3002 5116
598 445 653 499 nt
694 445 841 501 ΝΗ.

135 657 223 736 quoe
249 634 318 725 sic,
343 628 463 723 credo,
484 632 604 708 melius
625 633 798 733 legentum

263 757 332 836 οὔθ’
357 763 478 836 Ἡλίου
503 767 678 862 τηλαυγές
703 763 847 844 turino
871 763 991 846 σέλασ.

262 881 418 948 τοιοῦτον
442 871 658 973 ἐξέλαμψεν.

137 1017 191 1094 Ut
224 1019 343 1094 Ἡλίου
373 1015 480 1097 σέλας
516 1014 559 1090 ad
593 1016 741 1092 verbum
773 1016 918 1118 ἔλαμψε
946 1014 1147 1108 reducatur,
1173 1013 1289 1114 etqui

138 1138 292 1206 σσννῦτσν
319 1125 526 1227 ἐξέλαμψε,
563 1128 792 1208 Pisthetuerus
816 1132 872 1211 sit.
920 1134 994 1210 Nec
1026 1129 1128 1203 nimis
1152 1127 1291 1229 elegan-

139 1255 193 1318 ter
226 1239 375 1314 dictum:
417 1245 498 1318 οὔτε
534 1241 643 1342 ἀστὴρ
680 1243 840 1344 ἔλαμψεν
862 1285 902 1298 -
921 1249 1001 1324 οὔτε
1029 1247 1152 1322 Ἧλέσν
1178 1240 1301 1324 cuae·

138 1351 350 1451 ἐξέλαμψεν·
385 1355 586 1454 praesertim
627 1357 687 1431 ubi
730 1359 897 1457 tragicum
943 1381 1135 1432 sermonem
1174 1377 1289 1430 soccus

137 1464 350 1566 praetendit3
379 1493 443 1542 nec
466 1468 558 1564 scio,
584 1494 627 1543 un
650 1468 738 1545 bene
762 1469 822 1547 Sol
845 1467 975 1545 dicatur
998 1467 1205 1567 ἐκλάμπειν.

554 1891 860 1924 unu*—

324 2279 332 2296 .
446 2219 535 2306 IN
603 2219 970 2308 VESPAS.

187 2511 251 2590 vs.
273 2514 332 2590 62.
381 2515 518 2594 Κλέωνα
552 2514 634 2590 dicit
669 2537 768 2588 suem
803 2513 954 2590 fabulam
982 2515 1147 2616 Equites,
1180 2533 1219 2596 ut
1250 2521 1287 2598 iu

8 2603 9 2616 ψ
135 2627 226 2704 Nub.
251 2630 345 2721 521,
371 2628 551 2729 ὅΣψφρων
578 2631 638 2728 χὼ
659 2633 877 2730 Κατασέγων
897 2615 1027 2704 Comici
1053 2645 1129 2705 sunt
1147 2642 1288 2715 Δαιτα-

133 2747 215 2884 λεῖε.
265 2744 312 2818 Et
348 2741 493 2843 ἔλαμψε
528 2743 602 2817 fere
637 2741 695 2815 hic
726 2755 798 2835 est,
825 2739 915 2842 quod
935 2742 1006 2816 illic
1028 2745 1159 2842 ἄματα
1182 2747 1287 2842 ἥκω..

132 2884 257 2948 σατην.
616 2907 619 2912 -

181 3056 244 3132 Vs.
262 3053 322 3134 77.
362 3056 431 3132 Pro
453 3052 553 3158 ἀρχή
575 3054 692 3154 legam
718 3055 830 3156 εἱρχνὶ·
853 3082 919 3159 pro
939 3060 1096 3160 αὐλητρίς
1116 3085 1169 3140 vs.
1192 3062 1286 3142 1219

132 3173 306 3266 αὑλητρὶς.
339 3170 404 3246 Vs.
424 3168 472 3245 79
496 3171 651 3270 χρηστοὶ
675 3167 795 3270 ἄνδρες
818 3182 896 3244 sunt
918 3169 1224 3275 egenuiffloutes,
1250 3187 1289 3249 ut

132 3281 301 3384 ’γεννάδαν
324 3282 360 3357 in
385 3284 473 3359 Rau.
499 3283 574 3360 737
598 3307 672 3384 sqq.

186 3498 249 3572 Vs.
272 3494 336 3572 78.
384 3495 478 3569 Bene
512 3494 654 3595 legitur:
693 3492 935 3578 ὅδὶ-Σασέαν.
998 3492 1052 3570 Ad
1086 3509 1290 3598 spectatores

135 3633 299 3685 conversa
322 3608 470 3684 oratione
494 3605 677 3684 Xanthius:
701 3631 792 3700 ecce,
824 3607 954 3709 inquit,
990 3605 1104 3682 sosias
1138 3609 1290 3712 Dercylo

134 3731 265 3803 narret.
314 3725 391 3802 Non
412 3723 516 3798 alium
540 3725 671 3799 Sosiam
693 3721 794 3815 dicit,
818 3749 921 3824 quam
945 3748 1043 3798 suum
1067 3749 1288 3827 oonservum3

130 3865 237 3940 quem
260 3841 367 3942 probe
391 3867 556 3943 gnarum,
588 3839 690 3916 herus
726 3865 794 3940 quo
828 3838 950 3914 morbo
986 3837 1137 3930 laboret,
1173 3853 1210 3912 ut
1231 3843 1290 3920 vel

128 3955 300 4028 famosum
330 3969 542 4056 potatorem,
574 3956 631 4032 vel
662 3955 858 4056 improbum
891 3979 1075 4052 cauponem
1100 3955 1289 4054 Dercylum

129 4063 306 4160 traducat,
325 4068 405 4144 huic
428 4069 511 4143 facit
532 4082 752 4161 narrantem,
794 4069 987 4165 Φνλσπέσην
1021 4064 1144 4140 herum
1168 4067 1288 4149 fuisse.

130 4181 174 4254 In
197 4178 331 4254 scholiis
374 4183 464 4283 quod
489 4183 633 4282 legitur:
673 4184 734 4261 tto
769 4181 809 4261 δέ
834 4184 902 4262 εἷσε
937 4185 1086 4274 Σωσίαν,
1113 4184 1130 4259 ὃ
1155 4184 1219 4276 μὲν
1247 4223 1288 4236 -

133 4292 215 4371 ὅδὲ
244 4329 311 4384 -·,
336 4291 373 4369 id
396 4295 533 4396 quidem
556 4298 613 4373 vel
636 4298 709 4399 ipse
734 4299 895 4397 magister
922 4297 1070 4390 erravit,
1099 4295 1154 4371 vel
1179 4296 1290 4371 libru-

132 4404 214 4485 riue
266 4407 467 4502 Traditum,
488 4411 611 4509 credo,
648 4412 820 4516 oportuit,
850 4410 933 4490 duos
970 4412 1073 4490 fuisse
1103 4409 1298 4511 Dercylo,

137 4519 198 4604 uo
223 4522 266 4606 δέ
286 4527 355 4608 εἶσι
381 4531 556 4627 Δερκύλον.
