2948 5114
213 351 263 430 ὀύ
525 392 545 436 ‚·
581 367 1016 434 onanurvnuronnss·

210 557 398 660 quidquam
435 553 560 652 babet,
605 555 695 657 quod
728 556 944 634 librariorum
977 579 1124 662 maurum
1156 555 1371 638 labefecerit.

215 673 336 771 Quid?
365 671 455 772 quod
481 670 632 746 additum
653 672 701 746 sic
724 677 848 755 αὐτούς
868 673 1015 745 nimium
1036 683 1199 768 quantum
1215 672 1371 773 languet.

214 792 311 884 Quae
334 787 446 863 omnia
470 787 622 882 iaciunt,
659 800 697 862 ut
734 785 859 863 Suidae
894 785 988 860 illam
1022 784 1198 860 lectionem
1226 811 1372 862 correo-
1458 821 1459 866 ι

213 902 281 978 tori
306 902 425 978 deberi
451 887 600 978 crednm.
651 899 808 974 Forsitan
831 897 1004 998 scripserit
1029 897 1209 976 Comicus:

208 1077 215 1118 :
340 1018 398 1096 nat
423 1011 512 1104 δῆτυ
538 1011 671 1096 τύυτετ
697 1011 921 1110 σκυτοτόμοι.
951 1010 1162 1113 ’ξῃυύζομευ
1252 1099 1254 1104 ,

209 1197 215 1208 .
339 1130 476 1230 ipsiusne
505 1129 642 1210 οιύτούο.

263 1328 327 1406 Vs.
363 1327 434 1404 442
464 1351 540 1428 sqq.
592 1329 778 1404 Κούτο-
756 1267 759 1272 Ι
804 1267 1007 1406 olda
1033 1295 1182 1411 Contra
1212 1267 1371 1425 linguam

213 1437 280 1517 boc
314 1453 383 1517 est.
428 1466 537 1542 quae
551 1439 609 1518 vel
641 1438 710 1542 legi
744 1439 837 1535 vult,
882 1440 1063 1517 κούτε-
1096 1437 1140 1516 τύ
1173 1469 1239 1534 τε,
1283 1439 1370 1536 vel,

208 1559 385 1680 ²oodw-
341 1557 451 1636 -τέ
478 1553 532 1634 δέ
1270 1633 1274 1643 ,

263 1743 327 1819 Vs.
348 1742 433 1818 444.
471 1729 692 1818 Δουλεύουτε.
741 1737 1132 1816 &cressoneres
1154 1735 1372 1841 edili,quod

213 1853 304 1928 nulla
338 1853 534 1928 auctoritate
567 1865 734 1926 mutatum
764 1853 800 1925 in
836 1853 1055 1950 βουλεύοντε.
1105 1852 1193 1926 Sane
1223 1853 1371 1929 mireris
1460 1871 1461 1930 t

213 1965 354 2040 miseros
373 1990 487 2055 senes,
509 1991 568 2065 qiu
559 1961 695 2039 modo
715 1963 825 2037 tribus
847 1962 972 2054 obolis,
990 1963 1172 2037 concionali
1189 1960 1371 2060 mercede,
1460 1983 1461 1990 ’

213 2102 288 2152 sese
320 2079 467 2154 caruisse
501 2076 685 2170 dolebant,
710 2076 833 2150 subito
848 2087 1016 2150 senatores
1039 2074 1156 2154 factos.
1209 2076 1371 2152 Verbum

215 2189 383 2270 δουλεύειν
419 2191 561 2291 intelligi
592 2215 692 2291 posse
731 2187 860 2265 credidi
889 2185 1046 2261 serviliter
1078 2212 1199 2288 ogere,
1220 2189 1371 2289 facem,-

214 2303 306 2409 qaod
334 2303 422 2380 serta
451 2303 573 2392 solean
605 2327 690 2402 quos
723 2302 799 2378 beri
833 2327 889 2378 res
925 2303 1016 2378 foras
1038 2299 1163 2377 efferre
1188 2327 1320 2380 amasse
1345 2331 1369 2380 e

214 2417 390 2492 Ranarum
408 2426 502 2514 patet
521 2438 574 2488 vs.
590 2412 673 2488 751.
710 2411 875 2484 Ceterum
889 2413 936 2502 si,
953 2410 1044 2510 quod
1060 2439 1127 2487 non
1147 2416 1371 2514 negaverim,

216 2539 415 2626 corruptum
444 2521 590 2601 verbum
614 2533 687 2613 est,
709 2518 779 2620 legi
804 2519 854 2592 sic
880 2534 1015 2619 possete

340 2650 446 2733 etit
472 2650 566 2752 κύμέ
549 2648 746 2756 {donatulo
768 2677 805 2728 τι
827 2656 933 2726 τούτο
958 2645 1043 2747 δρᾷυ
1068 2647 1134 2728 deri.

267 2859 332 2933 Vs.
354 2856 439 2975 445.
487 2853 582 2928 Vera
606 2851 741 2928 videtur
761 2861 919 2926 vetemm
941 2848 1109 2926 librorum
1130 2848 1249 2926 lectio.

609 2963 799 3063 ἔτιτρύτευ
824 2992 866 3043 τε
889 2963 950 3059 etp
972 2965 1072 3045 τύλυ
1224 3037 1227 3044 .

365 3083 526 3165 τυύτυοο

222 3202 395 3297 Perquam
427 3192 567 3269 ridicule
596 3191 766 3292 Elepyrus
787 3190 1030 3268 Atheniensem
1052 3191 1216 3294 populum
1238 3193 1370 3291 refert,

223 3327 262 3387 ut
284 3336 336 3388 vs.
359 3311 432 3386 436
455 3331 531 3408 sqq.
574 3304 707 3383 Codicis
728 3305 804 3382 MS.
828 3305 944 3382 lectio:

511 3509 516 3518 ¹
605 3417 807 3522 Ιἒοτίτρύοτευ
830 3448 876 3521 γε
900 3421 959 3514 τὴν
983 3420 1106 3499 albu

371 3539 525 3616 τούτους·

1460 3443 1463 3626 l

223 3650 283 3730 rel
304 3642 375 3726 boc
391 3648 528 3722 nomine
549 3644 794 3748 improbanda,
827 3645 918 3748 qnod
939 3648 988 3722 sic
1008 3661 1123 3723 contra
1140 3648 1281 3751 'liugane
1304 3677 1371 3750 pe.
1462 3648 1463 3674 ¹

222 3771 319 3843 'nium
343 3763 386 3840 ud
409 3768 463 3855 τῖς
488 3759 601 3868 qaid?
635 3760 854 3862 respondetur
877 3763 941 3864 per
963 3762 1165 3864 particulam
1183 3792 1241 3865 γε.
1293 3765 1371 3840 Νοιι

225 3893 440 3986 perspectum
464 3877 642 3954 comicum
666 3878 715 3951 sal
739 3877 859 3952 fecisse
890 3873 1045 3969 videtin,
1072 3889 1132 3971 ut,
1156 3880 1263 3980 ejecto
1286 3903 1372 3978 pro-

224 3995 379 4085 nomine,
411 3991 536 4067 inserta
569 3989 733 4091 particula
768 3987 925 4064 carminis
956 3988 1089 4064 numeri
1121 3990 1371 4090 supplerentur.

226 4111 264 4186 Si
285 4121 397 4182 tamen
420 4130 503 4183 vera
525 4105 598 4183 MS.
623 4102 743 4196 lectio,
766 4127 852 4200 quac
869 4101 1038 4204 Blepyrus
1062 4113 1181 4202 rogat,
1206 4103 1255 4177 sic
1273 4113 1371 4179 erum
1462 4119 1463 4140 ¹

225 4217 1255 4478 18641144·τὶδῆὴέδοξεὶ-ἔπιηέωγετῆνπόλιν

224 4484 231 4524 ι
354 4451 547 4530 eadm?

1461 4225 1463 4278 l
